1738 2673
122 62 161 101 los
442 75 515 102 onemo

182 162 209 200 Π.
224 162 291 201 Unum
300 176 361 215 genus
371 168 401 202 est
410 163 511 202 adversum
520 164 649 216 infestumque
661 164 715 202 nobis
725 176 797 208 eorum,

155 229 203 269 quos
213 216 235 255 P.
250 217 312 255 Clodii
324 217 378 255 furor
386 217 456 269 rapinis
466 223 485 256 et
499 218 589 256 incendiis
603 224 623 256 et
639 218 726 256 omnibus
736 217 797 256 exitiis

155 271 236 322 publicis
246 271 299 322 pau't
305 284 309 316 ;
324 271 357 322 qui
366 272 454 309 hesterna
464 271 521 309 etium
531 271 621 310 concione
630 271 701 309 incitati
713 277 763 315 sunt,
775 276 797 308 ut

155 324 209 362 vobis
219 337 266 362 voce
280 325 374 375 praeirent,
385 324 430 375 quid
445 325 561 376 judicaretis.
591 326 677 370 Quorum
693 325 770 368 clamor,
781 323 797 361 si

133 383 144 416 5
154 378 187 430 qui
196 379 245 415 forte
255 378 316 422 fuerit,
327 377 429 415 admonere
442 391 476 415 uas
491 377 575 421 debebit,
585 383 607 415 ut
624 391 668 415 eum
678 378 738 415 civem
753 377 795 415 reti-

154 432 220 475 neatis,
231 432 263 482 qui
273 444 348 482 semper
357 444 418 481 genus
427 430 474 468 illud
489 430 587 467 hominum
597 431 727 481 clamoresque
737 431 795 468 maxi-

153 498 195 522 mos
212 497 247 535 pro
263 491 326 521 uestra
343 484 405 521 salute
422 483 511 535 neglexit.
546 488 563 521 4.
585 485 713 529 Quamobrem
730 486 796 522 adeste

153 538 225 583 animis,
242 537 322 589 judices,
342 541 362 574 et
380 537 473 581 timorem,
491 536 506 574 si
525 550 582 587 quem
598 537 679 582 habetis,
700 537 794 588 deponite.

153 591 209 635 Nam,
220 592 236 629 si
252 604 336 641 unquam
350 590 375 628 de
390 590 442 628 bonis
457 596 476 628 et
492 590 573 628 fortibus
583 591 632 635 viris,
643 591 659 627 si
672 603 757 641 unquam
771 591 795 628 de

118 649 144 684 10
153 645 202 683 b'ene
211 644 282 683 meritis
293 644 365 683 civibus
375 649 461 695 potestas
471 644 524 682 robis
529 644 628 695 judicandi
637 645 678 688 fuit,
689 644 705 682 si
715 645 795 695 denique

152 711 237 748 unquam
251 699 305 736 locus
319 697 479 748 amplissimorum
494 698 581 735 ordinum
591 697 670 736 delectis
679 698 723 735 viris
738 698 795 736 datus

152 758 187 796 est,
202 756 225 789 ut
238 764 273 789 sua
283 751 346 789 studia
356 764 401 803 erga
415 751 474 789 fortes
484 756 503 787 et
517 752 577 789 bonos
587 751 643 795 cives,
654 764 697 802 quae
706 751 761 788 vultu
776 756 795 788 et

152 805 214 842 verbis
227 818 280 856 saepe
290 804 432 857 significassent,
442 818 463 842 re
473 809 492 842 et
506 804 604 842 sententiis
618 804 742 848 declararent,
757 806 794 842 hoc

151 859 239 909 profecto
255 865 342 909 tempore
356 870 398 894 eam
414 863 531 908 potestatem
544 871 620 895 omnem
630 870 663 895 vos
680 858 761 902 habetis,
771 863 794 895 ut

116 916 141 952 15
151 912 245 956 statuatis,
260 917 325 949 utrum
335 923 375 955 nos
390 911 422 961 qui
437 923 513 961 semper
522 917 591 949 vestrae
609 911 717 948 auctoritati
734 911 794 949 dediti

150 964 227 1010 fuimus
238 978 314 1015 semper
323 964 386 1001 miseri
395 965 501 1015 lugeamus,
512 977 541 1008 an,
552 964 585 1000 diu
594 964 656 1002 vexati
666 977 678 1001 a
690 964 792 1015 perditissi-

149 1018 185 1055 mis
195 1017 273 1062 civibus,
284 1017 385 1069 aliquando
402 1030 480 1068 perros
490 1029 512 1054 ac
523 1030 558 1068 per
567 1023 651 1055 vestram
660 1017 723 1061 fidem,
734 1018 792 1055 virtu-

149 1075 190 1108 tem
199 1071 349 1123 sapientiamque
356 1083 469 1108 recreemur.
494 1077 512 1109 5.
527 1071 577 1115 Quid
588 1071 637 1109 enim
647 1071 701 1109 nobis
709 1071 791 1116 duobus,

148 1124 228 1176 judices,
238 1125 355 1168 laboriosius
366 1124 412 1175 quid
426 1125 486 1175 magis
501 1124 607 1169 sollicitum,
617 1125 678 1175 magis
688 1126 792 1162 exercitum

114 1184 139 1217 20
150 1178 186 1215 dici
196 1184 230 1215 aut
239 1179 285 1230 fingi
294 1182 364 1230 potest,
372 1178 410 1228 qui,
422 1191 456 1227 spe
466 1178 625 1228 amplissimorum
635 1178 756 1228 praemiorum
766 1178 791 1215 ad

148 1244 189 1268 rem
199 1232 297 1282 publicam
311 1231 395 1274 adducti,
406 1237 460 1268 metu
469 1231 641 1268 crudelissimorum
655 1230 792 1282 suppliciorum

149 1296 214 1322 carere
229 1298 267 1322 non
284 1284 401 1335 possumus?
429 1283 523 1334 Equidem
541 1290 614 1321 ceteras
631 1289 756 1335 tempestates
772 1289 791 1322 et

148 1337 243 1388 procellas
261 1338 281 1375 in
303 1338 339 1375 illis
359 1336 459 1374 dumtaxat
477 1337 566 1374 fluctibus
585 1337 696 1374 concionum
716 1349 791 1388 semper

148 1390 214 1440 putavi
224 1392 289 1428 Miloni
299 1403 341 1428 esse
350 1390 466 1434 subeundas,
477 1390 521 1440 qnia
530 1403 606 1439 semper
615 1403 651 1441 pro
661 1391 714 1428 bonis
725 1396 791 1428 contra

113 1449 137 1483 25
147 1444 245 1494 improbos
259 1449 344 1482 senserat
350 1456 355 1486 3
369 1444 389 1481 in
403 1442 475 1494 judicio
486 1455 529 1481 vero
539 1448 558 1480 et
572 1443 591 1479 in
601 1456 623 1480 ec
631 1444 713 1487 consilio,
723 1443 742 1480 in
752 1456 790 1494 quo

147 1510 172 1535 ex
188 1497 261 1535 cunctis
280 1496 377 1535 ordinibus
394 1496 505 1547 amplissimi
519 1496 553 1533 viri
565 1496 678 1546 judicarent,
693 1510 790 1547 nunquam

147 1550 252 1589 existimam'
265 1564 320 1601 spem
334 1550 393 1587 ullam
409 1562 450 1587 esse
466 1549 566 1587 habituros
576 1549 650 1586 Milonis
666 1550 749 1587 inimicos
764 1551 789 1587 ad

146 1605 188 1655 ejus
198 1616 236 1641 nou
250 1603 308 1641 modo
318 1603 399 1640 salutem
410 1603 574 1654 exstinguendam,
585 1602 619 1639 sed
636 1603 694 1640 etiam
709 1603 789 1654 gloriam

146 1670 182 1708 per
191 1657 239 1695 tales
248 1657 298 1695 viros
308 1656 453 1708 infringendam.
482 1659 499 1694 6.
516 1656 636 1707 Quamquam
646 1655 665 1693 in
679 1656 715 1693 hac
725 1669 788 1700 cansa,

111 1714 136 1749 30
144 1711 225 1761 judices
240 1711 261 1748 T.
275 1710 334 1748 Annii
350 1711 448 1748 tribunatu
461 1710 557 1760 rebusque
572 1709 659 1746 omnibus
676 1722 711 1761 pro
728 1710 789 1748 salute

145 1764 265 1816 reipublicae
279 1764 338 1815 gestis
347 1762 372 1800 ad
386 1763 444 1813 hujus
459 1763 540 1800 criminis
550 1762 679 1800 defensionem
689 1776 726 1800 uon
742 1764 788 1801 abu-

146 1823 214 1856 temur,
242 1817 284 1855 Nisi
294 1817 353 1855 oculis
363 1816 446 1854 videritis
460 1816 537 1854 insidias
547 1815 612 1853 Miloni
622 1828 633 1852 a
644 1816 711 1854 Clodio
721 1816 788 1861 factas,

145 1883 180 1908 nec
191 1871 312 1922 deprecaturi
325 1883 398 1913 sumus,
408 1875 430 1906 ut
445 1870 515 1907 crimen
529 1870 565 1907 hoc
575 1870 629 1907 nobis
639 1876 718 1921 propter
728 1870 788 1907 multa

146 1924 239 1974 praeclara
248 1924 266 1961 in
274 1923 419 1973 rempublicam
426 1923 493 1960 merita
501 1922 616 1966 condonetis,
624 1935 659 1959 nec
667 1923 786 1973 postulaturi,

111 1981 136 2016 35
146 1982 173 2020 ut,
184 1977 199 2014 si
209 1989 260 2014 mors
274 1976 296 2014 P.
309 1976 370 2013 Clodii
379 1975 431 2013 salus
440 1980 505 2013 vestra
517 1975 580 2019 fuerit,
591 1975 662 2012 idcirco
672 1989 712 2013 eam
723 1976 787 2014 mrtuti

147 2030 222 2067 Milonis
239 2030 303 2080 potius
322 2041 380 2078 quarn
397 2029 464 2078 populi
480 2028 562 2064 Romani
578 2028 663 2066 felicitati
682 2029 787 2080 assignetis.

146 2082 180 2120 Sin
196 2082 245 2120 illius
261 2081 334 2119 insidiae
348 2080 436 2118 clariores
451 2081 488 2117 hac
504 2080 547 2118 luce
561 2080 636 2125 fuerint,
648 2087 690 2119 tum
707 2081 788 2132 denique

145 2136 251 2175 obsecrabo
265 2134 415 2186 obtestaborque
424 2147 463 2179 vos,
479 2133 559 2186 judices
575 2133 590 2172 si
607 2139 670 2173 cetera
684 2135 787 2180 amisimus,

145 2189 182 2227 hoc
196 2189 264 2227 saltem
278 2189 333 2226 nobis
346 2192 369 2224 ut
382 2188 504 2238 relinquatur,
519 2188 578 2224 vitam
588 2189 612 2226 ab
626 2189 744 2226 inimicorum
754 2202 787 2226 au-

110 2245 136 2280 40
146 2242 200 2279 dacia
210 2243 290 2293 telisque
300 2247 322 2279 ut
331 2242 409 2291 impune
418 2240 474 2278 liceat
483 2240 591 2283 defendere.

172 2296 209 2334 ΙΠ.
239 2297 256 2334 t.
272 2295 311 2333 Sed
321 2300 424 2345 antequam
434 2293 459 2331 ad
469 2306 511 2331 eam
521 2293 624 2332 orationem
634 2294 694 2339 venio,
705 2307 748 2345 quae
758 2299 788 2333 est

145 2349 223 2401 propria
232 2354 301 2387 vestrae
311 2346 426 2398 quaestionis,
437 2347 524 2384 ridentur
538 2360 561 2384 ea
571 2360 612 2385 esse
625 2348 732 2392 refutanda,
743 2361 787 2399 quae

145 2407 165 2441 et
181 2403 199 2439 in
212 2407 280 2440 senatu
293 2402 318 2439 ab
332 2401 410 2438 inimicis
424 2412 476 2451 saepe
490 2400 564 2450 jactata
580 2406 624 2438 sunt
639 2402 686 2439 etin
698 2402 788 2439 concione

123 2451 125 2453 .
145 2456 170 2494 ab
179 2455 271 2506 improbis
281 2461 300 2493 et
313 2454 371 2506 paulo
381 2459 425 2491 ante
434 2454 459 2491 ab
469 2454 617 2499 accusatoribus,
625 2461 653 2498 ut,
664 2455 715 2493 omni
724 2467 787 2493 errore
