1738 2673
284 300 429 343 ORATIO

347 419 375 444 DE

34 512 683 592 [triemitonium

334 670 387 695 SIVE

170 762 234 811 PRO
258 762 352 811 iuuit
377 761 547 811 llllNlLlll.

62 1042 79 1080 Ι.
110 1047 127 1080 1.
142 1043 260 1088 Quruouru
274 1041 321 1080 mihi
335 1054 411 1092 semper
425 1041 515 1093 frequens
526 1047 640 1094 eonspectus
650 1054 682 1080 ve-

35 1100 75 1134 ster
91 1096 152 1134 multo
169 1095 326 1148 jucundissimus,
343 1096 374 1133 hie
391 1100 456 1132 autem
472 1096 526 1133 loeus
543 1095 568 1132 ad
585 1097 683 1147 agendum

36 1150 170 1201 amplissimus,
181 1150 206 1188 ad
221 1149 324 1187 dicendum
333 1149 466 1185 ornatissimus
482 1155 511 1186 est
525 1149 582 1193 visus,
594 1150 682 1194 Quirites

35 1207 100 1240 tamen
115 1204 152 1241 hoe
162 1204 216 1241 aditu
229 1203 298 1246 laudis,
307 1202 340 1252 qui
350 1215 426 1252 semper
439 1202 512 1253 optimo
523 1202 591 1252 euique
601 1203 683 1241 maxime

35 1257 104 1307 patuit,
121 1270 159 1294 non
175 1269 219 1295 mea
235 1269 266 1294 me
282 1256 371 1293 voluntas
386 1255 455 1300 adhue,
474 1255 508 1293 sed
525 1255 570 1293 ritae
586 1269 635 1294 meae
653 1263 701 1297 rra-5

35 1309 96 1348 tiones
118 1312 142 1349 ab
162 1311 239 1349 ineunte
256 1314 314 1349 aetate
331 1314 427 1360 suscepte
445 1310 590 1361 prohibuerunt.
625 1310 681 1354 Nam,

36 1376 96 1414 quum
106 1369 163 1403 antea
180 1377 215 1416 per
229 1366 309 1403 aetatem
322 1363 409 1400 nondum
422 1363 481 1414 hujus
497 1365 632 1401 auctoritatem
646 1364 683 1401 loci

35 1418 130 1469 attingere
146 1419 238 1456 auderem
254 1422 397 1467 statueremque
410 1416 457 1454 nihil
473 1416 511 1454 huo
526 1417 561 1455 nisi
575 1418 683 1468 perfeetum

35 1470 116 1521 ingenio,
128 1472 248 1510 elaboratum
262 1470 356 1508 industria
365 1470 429 1508 afferri
446 1476 540 1520 oportere,
551 1484 607 1509 omne
616 1484 682 1510 meum

35 1527 112 1576 tempus
122 1525 227 1564 amicorum
242 1524 361 1576 temporibus
377 1524 548 1562 transmittendum
562 1525 634 1576 putrui.
664 1529 681 1562 2.
690 1530 715 1564 10

35 1577 67 1615 Ita
76 1590 138 1629 neque
152 1579 183 1616 hie
192 1579 246 1616 locus
256 1590 328 1616 vacuus
338 1589 422 1628 unquam
430 1577 466 1614 fuit
476 1578 501 1614 ab
511 1578 538 1622 iis,
552 1579 585 1629 qui
598 1583 682 1616 uestram

36 1642 113 1668 oausam
123 1632 254 1675 defenderent,
264 1636 284 1668 et
295 1643 353 1668 »meus
363 1630 418 1667 labor
431 1630 451 1667 in
465 1630 584 1681 privatorum
593 1631 681 1682 perieulis

36 1688 88 1721 caste
106 1684 218 1736 integreque
235 1689 322 1722 versatus
337 1696 361 1721 ex
377 1688 441 1721 vestro
458 1683 531 1733 judicio
547 1685 632 1722 fructum
652 1689 681 1722 est

36 1736 174 1787 amplissimum
188 1742 307 1775 consecutus.
335 1736 387 1774 Nam
403 1749 463 1787 quum
478 1743 558 1788 propter
571 1738 681 1775 dilutionem

36 1789 155 1828 comitiorum
168 1794 199 1828 ter
212 1795 286 1841 praetor
298 1789 370 1841 primus
380 1790 469 1828 eentuu'is
480 1791 552 1829 eunetis
562 1791 681 1829 renuntiatus
689 1796 713 1830 15

36 1855 84 1887 sum,
94 1844 150 1882 facile
164 1844 254 1888 intellexi,
270 1844 358 1889 Quirites,
369 1848 388 1881 et
401 1844 447 1894 quid
457 1844 481 1881 de
494 1857 526 1882 me
540 1844 652 1896 judicaretis
662 1850 682 1883 et

36 1896 82 1947 quid
93 1897 134 1935 aliis
143 1898 299 1949 praescriberetis.
327 1897 384 1935 Nune
394 1910 454 1948 quum
464 1902 483 1935 et
493 1899 612 1936 auctoritatis
622 1898 682 1937 inme

35 1954 111 1988 tautum
121 1952 150 1997 sit,
159 1957 252 2003 quantum
259 1964 293 1990 vos
303 1951 407 1990 honoribus
417 1951 531 1990 mandandis
541 1965 582 1991 esse
589 1953 681 1997 uoluistis,

36 2008 56 2040 et
66 2004 91 2042 ad
102 2005 199 2057 agendum
208 2005 305 2044 facultatis
315 2010 396 2050 tantum,
408 2011 501 2056 quantum
516 2007 587 2044 homini
597 2007 682 2057 vigilanti

36 2069 60 2094 ex
73 2057 143 2097 lorensi
159 2072 197 2098 usu
210 2071 271 2112 prope
281 2059 392 2111 quotidiana
402 2059 478 2097 dicendi
494 2059 604 2098 exercitatio
619 2060 714 2110 potuit20

36 2111 114 2157 afferre3
130 2119 182 2152 certe
195 2120 215 2152 et
228 2115 245 2152 si
261 2113 308 2165 quid
323 2113 443 2152 auctoritatis
456 2114 475 2151 in
489 2127 521 2152 me
531 2119 566 2159 est,
577 2112 617 2166 [ea]
628 2114 681 2165 apud

36 2175 68 2201 eos
82 2171 131 2211 utar,
149 2167 182 2218 qui
198 2179 241 2204 eam
254 2168 300 2205 mihi
315 2167 420 2210 dederunt,
437 2172 457 2204 et
472 2168 488 2205 si
503 2167 548 2217 quid
565 2168 584 2204 in
599 2167 681 2205 dicendo

36 2219 125 2270 consequi
141 2233 226 2272 possum,
241 2221 263 2259 iis
273 2220 374 2259 ostendam
387 2220 512 2272 potissimum,
523 2220 556 2271 qui
573 2220 589 2258 ei
604 2233 681 2271 quoque

35 2271 62 2308 rei
78 2273 163 2312 fructum
181 2287 215 2312 suo
230 2275 302 2326 judicio
316 2274 440 2312 tribuendum
456 2287 497 2312 esse
513 2279 632 2312 censuerunt.
662 2278 679 2311 3.

34 2323 102 2376 Atque
111 2326 159 2366 illud
168 2328 187 2366 in
196 2328 262 2379 primis
274 2328 321 2367 mihi
335 2328 440 2366 laetandum
450 2327 494 2379 jure
504 2339 545 2365 esse
555 2327 617 2371 rideo,
628 2326 680 2377 quod
688 2331 713 2366 25

34 2377 54 2416 in
63 2379 100 2418 hae
109 2381 186 2420 insolita
195 2382 243 2421 mihi
260 2395 284 2420 ex
297 2382 334 2421 hoe
349 2382 391 2421 loeo
401 2382 474 2419 ratione
484 2381 559 2419 dicendi
569 2393 628 2419 eausa
638 2381 681 2419 talis

34 2433 100 2472 oblata
109 2440 144 2481 est,
155 2435 174 2474 in
188 2448 226 2488 qua
235 2437 296 2475 oratio
311 2436 378 2475 deesse
392 2436 461 2474 nemini
478 2435 544 2487 possit.
572 2434 681 2474 Dicendum
