1738 2673
154 49 180 85 96
310 59 383 85 ouxrro
393 59 432 85 pao
442 60 495 85 onon
504 58 611 91 peroraro,
622 58 667 85 oxu,
677 58 710 86 xv.

186 147 265 199 quidem
275 160 354 187 causam
364 161 441 186 omnem
451 147 530 199 suscipit
544 152 564 185 et
576 146 686 186 criminibus
695 147 731 186 illis
741 159 776 199 pro
785 158 832 199 rege

186 214 207 238 se
223 203 316 253 supponit
332 216 397 247 reum;
419 202 531 239 memoriam
545 207 599 239 tuam
613 202 709 252 implorat,
726 215 765 252 qua
778 201 831 238 vales

186 255 302 306 plurimunu
322 261 382 308 negat
395 269 481 307 unquam
496 268 516 294 se
530 268 542 292 a
557 260 577 294 te
590 255 610 292 in
626 255 712 293 Deiotari
728 255 831 293 tetrarchia

186 310 257 359 pedem
272 311 391 354 discessisse;
406 311 425 348 in
440 310 505 361 primis
519 310 588 347 finibus
602 309 637 347 tibi
650 321 671 347 se
686 311 758 360 praesto
772 308 830 347 fuisse

165 367 177 400 5
185 363 236 408 dicit,
247 365 341 415 usquead
351 364 428 401 ultimos
438 367 574 414 prosecutum
589 375 667 413 quume
676 362 745 399 balneo
753 362 830 407 exisses,

185 421 249 455 tecum
266 431 286 456 se
303 417 367 461 fuisse,
383 430 443 468 quum
458 416 492 454 issa
508 429 588 455 munera
604 416 718 468 inspexisses
735 420 829 461 coenatus,

184 483 244 520 quum
254 471 273 508 in
283 471 371 509 cubiculo
381 471 512 514 recubuisses;
527 470 647 520 eandemque
654 470 786 508 assiduitatem
795 469 831 507 tibi

183 535 205 560 se
219 524 326 575 praebuisse
342 524 439 575 postridie.
469 528 500 562 43.
517 524 648 569 Quamobrem
662 523 678 561 si
694 523 740 575 quid
757 536 829 568 eorum,

183 589 227 627 quae
239 578 316 628 objecta
325 583 375 622 sunt,
386 578 494 629 cogitatum
504 578 533 623 sit,
544 591 583 615 non
591 582 674 622 recusat,
685 578 731 629 quin
743 577 763 615 id
773 590 830 615 suum

150 632 175 666 10
183 630 257 668 facinus
273 631 355 683 judices.
394 632 494 677 Quocirca,
515 632 537 670 O.
558 631 630 675 Caesar,
650 631 707 669 veiim
726 631 828 675 existimes,

182 683 275 722 hodierno
292 685 323 723 die
338 686 452 723 sententiam
468 689 523 723 tuom
533 689 567 723 aut
584 699 628 723 cum
643 698 719 723 summo
733 684 828 723 dedecore

182 738 309 776 miserrimam
319 743 395 789 pestem
404 739 552 789 importaturam
561 752 603 777 esse
612 739 697 791 regibus,
708 743 742 776 aut
755 738 806 776 incoi
821 760 828 767 -

182 804 234 829 mem
250 792 322 830 famam
337 806 382 831 cum
396 793 463 837 salute,
475 805 557 844 quorum
573 793 655 830 alterum
672 797 739 844 optare
752 792 829 831 illorum

182 846 301 884 crudelitatis
311 851 346 891 est,
357 846 440 884 alterum
450 859 562 885 conservare
572 846 679 885 clementiae
689 851 735 884 tuaer
