1738 2673
291 52 314 79 m
329 50 444 84 0111111111,
460 50 505 77 oar.
516 51 560 77 1111,
755 45 781 80 33

102 139 253 191 eulosissimique
269 140 315 179 belli
328 139 411 178 nefarios
423 139 483 177 duces
493 143 560 190 captos
574 139 615 190 jam
629 143 649 177 et
663 152 748 189 eompre-

101 194 172 232 hensos
186 194 261 238 tenetis,
278 194 385 232 existimare
404 193 478 232 debetis
494 206 560 231 omnes
576 192 661 231 0111111111
677 193 748 244 copias,

102 261 168 286 omnes
183 260 228 298 spes
244 252 302 298 atque
317 260 364 299 opes
378 248 407 285 his
422 246 507 298 depulsis
522 246 574 285 urbis
587 246 676 298 periculis
686 246 748 284 conei-

102 301 158 339 disse.
187 302 249 346 Quem
265 300 343 352 quidem
358 313 395 352 ege
410 313 470 351 quum
487 312 510 337 ex
527 301 575 338 urbe
591 300 693 352 pollebam,
711 300 747 338 hoe

102 355 227 406 providebam
236 355 304 399 animo,
316 354 405 400 Quirites,
418 359 492 392 remote
508 354 588 392 Catilina
597 367 636 392 nen
645 354 692 392 mihi
705 356 766 391 esset

101 408 123 447 P.
135 408 211 446 Lentuli
226 421 321 452 somnum,
332 421 367 446 nee
384 407 405 446 L.
418 408 477 446 Cassii
494 407 566 458 adipes,
582 421 616 446 nee
632 408 653 445 O.
665 408 747 458 Cethegi

100 463 192 500 furiosam
208 462 336 501 temeritatem
353 461 530 513 pertimescendam.
559 461 594 499 Ille
609 467 650 500 erat
664 474 713 498 unus
723 461 746 499 u-

101 516 182 554 meudus
199 528 222 554 ex
237 516 267 554 liis
281 516 374 559 omnibus,
385 516 419 553 sed
435 516 514 560 tamdiu,
525 515 572 552 dum
582 516 677 554 moenibus
693 515 746 553 urbis

101 570 239 608 continebatur.
269 569 337 608 Omnia
353 573 414 614 norat,
430 569 514 607 omnium
529 569 592 606 aditus
606 569 695 614 tenebat余
712 582 745 620 ap-

101 624 178 674 pellare,
189 629 268 668 tentare,
279 623 381 661 sollicitare
396 628 477 673 poterat,
488 623 573 661 audebat
579 636 584 666 余
599 632 639 660 erat
654 623 671 660 ei
685 623 778 661 consi-10

100 677 147 714 lium
156 676 181 714 ad
191 677 264 714 facinus
274 683 352 728 aptum3
367 676 444 714 consilio
454 681 518 713 autem
532 688 594 727 neque
609 676 674 729 lingua
683 689 745 727 neque

100 744 168 768 uranus
176 730 242 769 deerat
247 744 252 776 3
265 731 305 783 jam
312 730 336 768 ad
347 735 409 768 certas
418 742 449 767 res
456 729 581 768 conficiendas
588 736 650 767 certos
659 730 745 768 honines

101 784 185 822 delectos
200 797 222 822 ae
237 784 344 835 descriptos
357 784 453 828 lrabebat余
468 797 530 835 neque
540 796 590 827 uere,
601 796 660 834 quum
675 783 746 833 aliquid

100 838 229 881 nrandaverat,
241 838 349 875 confectum
359 839 446 889 putabat.
476 838 528 876 Nihil
538 842 584 882 erat,
596 837 649 889 qudo
659 850 697 875 non
706 837 747 888 ipse

100 891 161 929 obiret
167 897 281 935 occurreret,
287 891 374 943 vigilaret
380 892 485 936 laboraret余
496 892 556 945 frigus
563 892 612 930 sitim
619 892 689 929 famem
696 891 746 928 ferre
756 895 779 930 15

100 949 181 996 poterat.
212 946 243 983 17.
258 945 315 982 Hune
326 958 362 997 ego
371 945 465 983 hominem
475 953 591 991 1111111111,
600 951 639 983 tam
650 951 745 997 puratum,

100 1004 140 1036 tam
150 999 249 1043 audacem,
259 1004 299 1036 tam
310 999 406 1044 callidum,
418 1006 456 1037 tam
467 999 485 1036 in
496 1000 567 1038 sceiere
577 999 694 1050 vigilantem,
706 1004 746 1036 tam

99 1052 119 1090 11
125 1052 203 1103 perditis
210 1053 267 1090 rebus
278 1053 394 1104 diligentem,
403 1053 467 1090 nisiex
478 1054 586 1091 domesticis
597 1053 667 1090 insidiis
674 1054 693 1090 in
704 1066 744 1090 cas-

100 1111 163 1144 trense
173 1106 291 1144 latrocinium
302 1107 436 1158 compulissem
448 1107 519 1157 (dicam
530 1107 554 1150 id,
564 1107 615 1158 qirod
625 1107 745 1152 1111111111-

99 1159 160 1212 rites),
172 1173 209 1198 101
219 1160 274 1198 facile
285 1161 334 1197 banc
344 1166 418 1198 tantam
432 1161 503 1198 molem
512 1161 556 1197 mali
567 1173 578 1197 a
588 1160 693 1198 cervicibus
704 1174 744 1198 tes-
754 1165 779 1199 20

99 1214 133 1252 tris
141 1214 262 1265 depulissem.
283 1214 328 1252 Non
333 1214 364 1252 ille
372 1214 425 1252 nobis
433 1214 540 1253 Saturnalia
547 1214 676 1252 constituisset
682 1227 745 1266 neque

99 1271 153 1306 tanto
162 1273 207 1306 ante
217 1267 268 1305 exitii
278 1281 300 1306 ae
310 1269 344 1306 lati
355 1268 404 1306 diem
415 1270 441 1306 rei
451 1269 535 1320 publieae
551 1269 701 1306 denuntiavisset
710 1282 745 1307 110

99 1322 229 1366 commisisset,
236 1328 258 1360 ut
264 1321 346 1374 siguum,
353 1328 375 1359 ut
381 1322 441 1361 literae
449 1335 490 1360 suae
499 1327 558 1369 testes
564 1323 659 1360 manifesti
669 1323 745 1361 sceleris

99 1375 293 1426 deprehenderentur.
323 1376 372 1422 Quae
386 1390 436 1414 nunc
451 1376 483 1414 1110
498 1378 577 1414 absente
587 1377 614 1413 sic
628 1381 684 1428 gesta
694 1382 744 1420 suut,

98 1434 121 1467 ut
130 1429 205 1467 nullum
215 1429 234 1467 11
243 1430 318 1481 privata
328 1431 385 1468 domo
399 1430 472 1467 furtum
487 1443 572 1481 unquam
587 1431 611 1467 sit
627 1439 664 1468 tam
680 1431 744 1482 palam
753 1436 778 1470 25

97 1481 201 1528 inuentum,
210 1496 267 1535 quam
277 1485 319 1521 liaee
329 1484 347 1521 in
358 1489 398 1522 tota
408 1497 428 1522 re
438 1484 516 1536 publiea
526 1484 631 1535 conjuratio
642 1485 743 1522 manifesto

97 1535 174 1574 inuenta
184 1543 242 1588 atque
253 1538 372 1589 deprebensa
383 1545 417 1576 est.
447 1539 503 1583 Quod
513 1539 528 1575 si
539 1538 620 1576 Gratillae
633 1538 651 1576 111
662 1540 709 1576 urbe
719 1538 743 1576 ad

97 1590 146 1627 banc
164 1591 214 1629 diem
234 1592 361 1635 remansisset,
379 1605 501 1643 quamquam,
518 1593 582 1643 quoad
597 1593 638 1635 11111,
656 1593 743 1631 onuribus

97 1643 140 1694 ejus
150 1644 231 1681 consiliis
246 1645 319 1682 occurri
334 1650 392 1695 atque
406 1646 477 1688 obstiti,
493 1652 563 1689 tamea,
574 1651 597 1682 ut
611 1646 705 1684 levissime
716 1647 742 1683 di-

98 1708 145 1740 cam,
154 1697 282 1735 dimicandum
292 1698 346 1736 nobis
357 1712 400 1735 eum
411 1698 442 1735 illo
452 1698 525 1741 fuisset,
535 1712 596 1749 neque
606 1713 640 1736 nos
652 1712 741 1750 unquam,
752 1703 777 1738 30

97 1762 157 1800 quum
167 1749 198 1788 ille
208 1750 227 1787 in
237 1751 284 1789 urbe
294 1751 354 1788 hostis
365 1757 421 1791 esset.
429 1752 486 1789 tantis
497 1752 585 1802 perieulis
596 1765 635 1790 rem
646 1753 744 1804 publicam

98 1807 152 1841 tanta
162 1815 216 1855 paee,
227 1808 281 1841 tanto
291 1804 335 1848 otio,
346 1810 400 1842 tanto
410 1805 484 1843 silentio
495 1806 634 1843 liberassemus.

125 1861 184 1899 VIII.
213 1864 244 1898 ta.
260 1859 380 1908 Quamquam
394 1858 436 1894 lraeo
450 1856 518 1901 omnia,
530 1855 618 1901 Quirites,
629 1855 656 1893 ita
670 1858 714 1893 sunt
730 1866 742 1891 a

98 1928 130 1953 me
140 1914 276 1957 administrata,
283 1917 306 1949 ut
313 1911 392 1949 deorum
402 1910 536 1948 immortalium
542 1914 591 1947 nutu
598 1915 657 1960 atque
665 1908 742 1947 consilio

99 1974 118 2006 et
128 1973 183 2021 gesta
193 1973 213 2006 et
222 1966 298 2019 provisa
307 1978 348 2003 esse
358 1965 464 2002 rideantur.
491 1963 553 2015 quue
563 1976 621 2014 quum
633 1963 742 2014 conjectura
749 1964 773 1998 35

99 2022 188 2073 consequi
198 2033 305 2073 possumus,
316 2018 368 2070 quod
378 2018 408 2056 111
423 2017 498 2056 videtur
507 2017 585 2055 humani
596 2016 666 2054 consilii
679 2023 741 2054 tanta-

98 2088 141 2112 rum
151 2088 215 2113 rerum
224 2073 337 2126 gubernatio
347 2085 388 2110 esse
398 2071 488 2124 potuisse,
497 2076 589 2108 tumvero
601 2070 627 2108 ita
637 2075 741 2122 praesentes

98 2128 127 2166 bis
143 2129 261 2180 temporibus
279 2140 336 2179 opem
353 2132 372 2164 et
389 2125 480 2163 armiliam
494 2124 549 2163 nobis
566 2125 657 2167 tulerunt,
672 2128 694 2160 ut
709 2136 741 2161 eos

99 2195 153 2233 paene
163 2182 222 2221 oeulis
232 2180 296 2219 ridere
311 2192 416 2231 possemus.
444 2179 501 2223 Nam,
511 2184 534 2215 ut
547 2178 579 2216 illa
589 2177 681 2221 omittam,
692 2177 741 2214 uisas

98 2241 191 2273 nocturno
206 2241 293 2286 tempore
307 2234 331 2272 ab
342 2233 440 2271 occidente
456 2232 508 2270 taces
518 2232 644 2282 ardoremque
659 2231 708 2274 coeli,
719 2230 774 2267 11140

98 2289 199 2326 fulminum
208 2289 277 2340 jactus,
288 2292 310 2325 ut
320 2294 376 2325 terrae
385 2293 449 2324 motus
460 2291 566 2336 ceteraque,
577 2297 620 2335 quae
633 2290 672 2321 tam
681 2284 742 2321 multa

98 2342 152 2380 nobis
162 2342 271 2380 consulibus
284 2341 335 2379 laeta
345 2346 395 2384 sunt,
406 2345 428 2378 ut
437 2340 484 2384 lraee,
495 2351 537 2389 qna
547 2351 597 2375 nune
610 2338 663 2382 dunt,
674 2350 741 2375 canere

98 2395 124 2433 dii
137 2395 254 2434 immortales
267 2395 388 2433 viderentur:
403 2394 440 2432 hoc
457 2399 513 2438 certe,
529 2392 617 2438 Quirites,
633 2391 684 2442 quod
699 2405 742 2429 sum

98 2449 190 2494 dicturus,
200 2461 263 2500 neque
277 2447 462 2500 pretermittendum
474 2459 537 2498 neque
551 2445 697 2497 reliuquendum
706 2450 741 2483 est.
