1738 2673
266 73 289 100 nr
304 71 418 106 parmasu,
429 71 473 100 <aar⁴
483 73 502 107 v,
512 72 539 100 rr.
730 64 755 102 41

78 163 132 202 solet.
160 162 215 201 Bona
229 166 323 214 praterea
337 161 431 214 publicari
446 162 513 214 jubet:
528 161 588 200 vitam
598 162 659 200 solam
667 160 723 200 relin-

77 217 118 269 quit
134 216 209 254 nefariis
226 216 345 261 hominibus3
367 229 425 268 quam
441 216 456 254 si
473 215 579 268 eripuisset,
597 216 668 255 multos
685 228 723 253 uno

77 272 143 309 dolore
162 270 219 309 animi
237 276 295 321 atque
315 271 400 321 corporis
419 275 438 309 et
457 283 523 309 omnes
542 269 636 308 scelerum
655 281 723 322 poenas

76 324 185 363 ademisset.
214 324 283 376 itaque
292 329 315 362 ut
327 324 391 376 aliqua
402 324 422 362 in
431 324 470 362 rita
479 324 562 363 formido
571 323 662 375 improbis
672 321 731 361 esset

76 379 145 431 posita,
156 378 209 431 apud
222 378 292 418 inferos
302 378 396 430 ejusmodi
410 379 500 430 quaedam
511 378 537 416 illi
547 378 619 429 antiqui
628 377 742 429 supplicia5

75 433 137 485 impiis
147 433 251 471 constituta
261 445 302 470 esse
307 432 420 477 voluerunt3
435 433 487 484 quod
495 432 583 470 videlicet
591 431 723 484 intelligebant

76 487 105 525 liis
116 487 194 525 remotis
203 500 242 524 non
251 499 293 524 esse
303 491 384 524 mortem
395 487 456 538 ipsam
467 485 644 538 pertimescendam.

103 541 127 579 V.
160 545 177 579 9.
200 540 263 585 Nunc,
281 540 349 579 Patres
366 542 472 591 conscripti,
490 554 527 593 ego
543 553 586 578 mea
602 539 659 578 uideo
675 539 722 591 quid

75 595 154 633 intersit.
184 594 205 633 St
221 594 273 633 eritis
287 594 348 633 secuti
365 595 478 633 sententiam
495 595 516 632 Ο.
528 594 614 639 Caesaris,
632 594 722 645 quoniam

75 650 125 688 hanc
134 650 150 687 is
159 649 179 687 in
188 662 208 687 re
219 648 296 700 publica
306 649 361 692 viam,
372 661 415 700 quae
432 649 530 701 popularis
545 648 632 693 habetur,
643 655 721 686 secutus
730 651 756 686 10

76 708 110 749 est,
121 704 202 741 fortasse
211 703 274 741 minus
284 708 340 741 erunt
355 703 392 740 hoc
402 710 480 741 auctore
492 708 511 740 et
527 703 624 754 cognitore
632 703 721 754 bajusce

76 757 174 796 sententiae
184 757 230 795 milri
246 756 349 809 populares
359 757 442 808 impetus
452 756 609 808 pertimescendi:
625 756 654 794 sin
668 757 721 795 illam

75 812 161 856 alteram,
172 811 241 856 nescio,
251 823 276 849 an
286 810 369 862 amplius
378 810 425 848 milri
438 811 510 863 negotii
523 810 652 849 contrahatur.
681 810 721 848 Sed

75 870 140 904 tamen
156 878 243 904 meorum
258 866 386 917 periculorum
403 866 485 903 rationes
504 865 576 903 utilitas
595 864 621 903 rei
637 865 721 916 publicae

75 920 142 958 vincat.
172 920 272 958 Habemus
283 919 333 957 enim
344 932 355 956 a
370 919 391 958 O.
404 919 487 965 Caesare,
498 919 548 957 sicut
564 920 623 970 ipsius
638 919 721 972 dignitas
730 922 754 958 15

75 978 94 1011 et
102 974 197 1025 majorum
207 974 248 1026 ejus
258 973 365 1025 amplitudo
375 974 491 1025 postulabat,
498 974 612 1011 sententiam
622 978 721 1024 tamquam

75 1027 162 1066 obsidem
172 1033 271 1079 perpetuae
281 1028 349 1065 iurem
360 1027 457 1078 publicam
468 1028 576 1065 voluntatis.
597 1027 721 1065 intellectum

75 1085 109 1126 est,
120 1082 166 1133 quid
175 1082 249 1119 intersit
263 1081 311 1119 inter
324 1081 420 1119 leuitatem
431 1082 585 1119 concionatorum
601 1086 620 1119 et
637 1081 721 1119 animum

74 1148 118 1173 vere
128 1135 248 1187 popularem,
263 1135 320 1173 saluti
330 1135 396 1186 populi
410 1135 547 1173 consulentem.
578 1140 608 1173 10.
623 1135 686 1173 Video
696 1135 720 1173 de

73 1189 120 1234 istis,
131 1190 164 1240 qui
178 1202 198 1227 se
210 1190 313 1241 populares
323 1189 390 1227 haberi
399 1189 471 1233 volunt,
482 1190 549 1227 abesse
564 1202 602 1227 non
618 1189 719 1233 neminem,
728 1193 754 1227 20

73 1256 97 1281 ne
108 1243 204 1294 decapite
215 1243 303 1281 uidelicet
317 1243 386 1282 civium
396 1243 527 1281 Romanorum
538 1243 651 1281 sententiam
664 1244 719 1281 ferat.

74 1297 94 1335 ls
109 1302 129 1335 et
145 1297 283 1336 nudiustertius
297 1298 316 1335 in
333 1297 440 1335 custodiam
456 1297 506 1335 ciues
521 1297 618 1335 Romanos
633 1297 686 1335 dedit
701 1301 720 1335 et

74 1351 233 1404 supplicationem
241 1352 286 1390 milri
296 1351 380 1390 decrevit
390 1358 409 1389 et
418 1351 489 1389 indices
497 1352 586 1389 hesterno
597 1351 626 1389 die
634 1351 720 1389 maximis

74 1405 157 1457 praemiis
173 1406 242 1444 affecit.
279 1406 324 1444 lam
343 1405 379 1444 hoc
394 1405 464 1443 nemini
484 1405 564 1443 dubium
581 1411 616 1450 est,
636 1406 669 1456 qui
687 1418 720 1443 reo

74 1460 186 1503 custodiam,
194 1459 292 1511 quaesitori
298 1460 451 1512 gratulationem,
458 1459 514 1497 indici
522 1459 623 1510 praemium
629 1459 718 1504 decrevit,
726 1464 752 1500 25

74 1512 119 1563 quid
130 1514 154 1552 de
164 1518 204 1551 tota
213 1526 234 1551 re
244 1519 263 1552 et
273 1527 330 1552 causa
339 1513 434 1565 judicarit.
462 1513 491 1551 At
500 1526 546 1551 vero
556 1513 577 1551 0.
589 1514 655 1551 Oaesar
664 1513 718 1551 intel-

73 1567 115 1619 ligit
124 1567 187 1620 legem
197 1567 330 1619 Semproniam
346 1580 387 1606 esse
402 1567 426 1605 de
436 1567 509 1606 civibus
524 1567 613 1605 Romanis
628 1567 719 1606 constitu-

74 1625 125 1665 tam;
143 1621 176 1672 qui
192 1626 257 1659 autem
273 1622 300 1660 rei
316 1621 398 1673 publicae
415 1621 439 1659 sit
455 1621 521 1665 hostis
538 1634 581 1659 eum
599 1622 659 1659 civem
677 1634 719 1659 esse

72 1674 126 1713 nullo
136 1675 194 1713 modo
204 1688 272 1726 posse:
287 1675 368 1725 denique
378 1675 442 1725 ipsum
450 1676 530 1712 latorem
541 1674 660 1726 Semproniae
669 1674 717 1727 legis

71 1727 127 1779 jussu
142 1729 208 1779 populi
222 1741 290 1779 poenas
303 1729 329 1766 rei
339 1728 422 1779 publicae
433 1728 552 1779 dependisse.
582 1728 637 1766 ldern
653 1729 717 1781 ipsum
725 1735 750 1769 30

72 1781 182 1833 largitorem
198 1782 301 1819 Lentulum
316 1787 335 1820 et
348 1782 456 1833 prodigum
476 1795 514 1820 non
533 1787 594 1833 putat,
615 1795 673 1834 quum
693 1782 717 1820 de

72 1835 154 1885 pernicie
173 1835 240 1887 populi
259 1835 345 1880 Romani,
365 1836 421 1873 exitio
440 1836 499 1887 hujus
518 1836 571 1874 urbis
590 1842 630 1873 tam
649 1837 717 1874 acerbe

72 1893 151 1939 tamque
166 1889 269 1927 crudeliter
283 1888 376 1941 cogitarit,
388 1890 445 1927 etiam
460 1890 552 1941 appellari
566 1903 622 1941 posse
637 1890 717 1942 popula-

72 1955 118 1981 rem.
147 1943 215 1994 Itaque
225 1943 283 1981 homo
290 1944 400 1981 mit-issimus
410 1949 468 1994 atque
478 1944 584 1981 lenissimus
594 1958 631 1982 nou
641 1944 719 1983 dubitat

72 1995 95 2032 P.
106 1995 209 2034 Lentulum
220 1997 295 2035 aeternis
306 1996 388 2035 tenebris
398 1997 515 2047 vinculisque
525 1998 616 2036 mandare
628 2004 648 2036 et
657 1999 718 2037 sancit
725 2004 750 2039 35

71 2048 205 2100 inposterum,
216 2051 291 2101 nequis
305 2051 363 2103 hujus
373 2052 467 2102 supplicio
481 2052 562 2089 leuando
577 2064 597 2090 se
609 2052 683 2103 jactare
698 2058 718 2090 et

71 2102 90 2139 in
108 2103 189 2153 pernicie
204 2105 269 2155 populi
284 2105 366 2143 Romani
382 2105 463 2155 posthac
480 2105 578 2156 popularis
595 2118 636 2143 esse
651 2106 717 2157 possit.

71 2155 168 2209 Adjungit
183 2158 241 2195 etiam
257 2158 406 2209 publicationem
422 2160 521 2203 bonorum,
537 2165 559 2196 ut
578 2172 643 2197 omnes
660 2160 718 2198 animi

72 2210 166 2248 cruciatus
176 2216 195 2248 et
205 2212 290 2262 corporis
300 2212 357 2250 etiam
368 2219 444 2263 egestas
454 2224 476 2250 ac
486 2212 598 2251 mendicitas
613 2225 716 2264 consequa-

70 2266 108 2300 tur.
723 2269 750 2306 40

98 2315 134 2354 VI.
165 2322 195 2356 11.
211 2319 340 2363 Quamobrem
350 2320 389 2357 sive
399 2320 435 2357 hoc
446 2319 555 2363 statueritis,
566 2318 656 2357 dederitis
670 2319 717 2358 mihi

71 2370 160 2408 comitem
176 2371 201 2409 ad
220 2372 330 2411 concionem
349 2373 421 2424 populo
439 2386 503 2411 carum
520 2378 578 2423 atque
595 2373 715 2423 jucundum;

70 2421 110 2460 sira
124 2423 183 2462 Silani
197 2427 310 2464 sententiam
321 2427 374 2477 sequi
389 2427 498 2471 malueritis
509 2426 564 2464 facile
574 2439 605 2465 me
614 2432 672 2478 atque
682 2440 716 2465 vos

70 2476 188 2516 crudelitatis
197 2478 337 2529 vituperatione
351 2481 425 2531 populo
440 2480 528 2519 Romano
542 2480 643 2518 exsolvetis
657 2486 716 2532 atque

380 2534 405 2571 4ss
