1738 2673
237 47 288 91 'Pac
298 63 349 89 inea
359 61 451 96 munitm,
462 62 507 90 cnr.
518 64 557 90 rivi.
733 57 759 93 ta

77 153 142 205 iuopia
151 156 171 190 et
180 152 260 189 caritate
270 152 298 189 rei
307 151 436 189 frumentariae
447 157 550 189 consecuta
560 156 589 189 est
601 151 656 189 unius
665 151 725 189 horni-

78 208 106 245 nis
116 221 151 259 spe
161 220 183 244 ac
193 206 275 250 nomine,
283 211 375 257 quantam
384 205 416 243 vix
426 218 449 244 eri
457 219 532 244 samma
539 205 627 244 ubertate
635 218 726 258 agrorum

78 261 169 299 diuturna
179 273 217 311 pax
226 260 301 298 efficere
311 259 410 311 potuisset.
437 264 468 299 45.
483 259 534 304 lam,
545 265 625 311 accepta
635 259 654 297 in
663 259 726 297 Ponto

78 315 187 354 calamitate
204 327 228 352 ex
244 326 267 352 eo
284 313 357 365 praelio,
374 313 398 351 de
415 326 453 365 quo
469 326 504 352 vos
520 314 578 365 paulo
595 319 639 350 ante
656 314 725 351 invitus

77 368 173 412 admonui,
184 380 245 420 quum
254 368 299 405 socii
313 367 461 418 pertimuissent,
471 367 556 405 hostium
571 380 617 418 opes
631 367 745 417 animique5

78 422 187 467 crevissent,
198 422 244 460 satis
261 422 337 459 firmum
355 421 466 472 praesidinm
480 421 578 473 provincia
587 433 625 458 non
639 421 724 465 haberet,

78 475 187 514 amisissetis
203 475 278 521 Asiam,
296 475 384 522 Quirites,
400 475 435 513 nisi
446 475 471 513 ad
485 475 549 527 ipsum
567 475 667 514 discrimen
683 475 725 526 ejus

78 530 169 581 temporis
184 529 273 568 divinitus
287 530 322 568 On.
339 529 453 581 Pompeium
463 529 488 567 ad
498 542 530 567 eas
547 529 634 582 regiones
648 529 725 566 fortuna

77 584 145 637 populi
160 584 241 622 Romani
253 583 354 622 attulisset.
384 583 449 634 Hujus
459 584 553 621 adventus
564 590 583 621 et
593 583 725 621 Mithridatem

77 639 153 676 insolita
162 638 301 675 inflammatum
312 637 389 675 victoria
400 637 492 674 continuit
501 643 521 675 et
535 637 635 689 Tigranem
650 637 724 689 magnis
733 643 758 678 10

77 692 136 742 copiis
145 692 265 729 minitantem
275 691 327 729 Asiae
337 691 446 729 retardavit.
475 690 501 729 Et
511 692 612 742 quisquam
623 691 723 735 dubitabit,

76 746 122 797 quid
130 747 199 784 virtute
206 745 327 797 perfecturus
333 745 363 790 sit,
370 745 401 796 qui
409 750 483 782 tantum
489 746 603 783 auctoritate
609 745 724 796 perfecerit?

76 805 110 838 aut
124 812 183 852 quam
197 799 253 838 facile
267 799 345 851 imperio
356 803 413 850 atque
424 799 509 836 exercitu
518 799 579 837 socios
594 804 613 836 ct
624 798 724 850 vectigalia

76 859 223 893 conservaturus
233 854 263 898 sit,
274 854 306 904 qui
317 854 359 905 ipso
369 853 445 890 nomine
455 866 477 891 ac
487 866 563 891 rumore
574 852 696 891 defenderit?

103 908 157 946 XVI.
186 912 217 946 tt.
232 908 278 960 Age
288 920 338 951 vero,
349 907 382 945 illa
396 920 426 944 res
437 914 529 957 quantam
540 907 625 945 declarat
635 906 723 958 ejusdem
732 914 756 949 15

76 962 156 1000 hominis
166 962 219 1013 apud
229 962 295 999 lrcstes
309 961 376 1013 populi
390 960 472 999 Romani
482 961 621 1004 auctoritatem,
633 960 683 1012 quod
700 974 723 999 ex

76 1016 121 1054 locis
137 1020 178 1054 tam
193 1014 301 1068 longinquis
318 1020 396 1066 tamque
413 1014 492 1052 diversis
509 1020 549 1052 tarn
568 1014 621 1052 brevi
635 1021 722 1066 tempore

75 1083 141 1108 omues
156 1069 200 1107 lruic
217 1082 238 1107 se
253 1069 285 1106 uni
300 1069 427 1107 dediderunt!
447 1069 500 1120 qrrod
520 1068 640 1106 Cretensium
657 1069 722 1120 legati,

75 1137 135 1175 quarn
149 1124 168 1161 in
182 1136 248 1161 eorum
257 1123 319 1161 insula
328 1128 393 1161 noster
409 1123 513 1174 imperator·
522 1122 656 1173 exercitusque
666 1129 722 1167 esset,

75 1178 100 1215 ad
111 1178 145 1216 Gn.
156 1177 271 1228 Pompeium
285 1177 304 1214 in
318 1177 395 1214 ultimas
410 1189 471 1227 prope
488 1181 549 1214 terras
558 1182 651 1214 venerunt
668 1177 756 1227 eiqueao

75 1244 95 1269 se
103 1244 169 1270 ornnes
180 1231 301 1269 Cretensium
311 1230 397 1269 civitates
407 1230 478 1269 dedere
484 1229 533 1269 velle
543 1230 642 1268 dixerunt!
658 1230 721 1276 Quid?

74 1285 126 1323 idern
142 1286 178 1323 iste
196 1285 318 1323 Mithridates
334 1297 397 1323 nonne
413 1284 438 1322 ad
455 1284 538 1322 eundem
555 1285 590 1322 Cn.
607 1285 723 1336 Pompeium

76 1340 160 1392 legatum
175 1352 237 1391 usque
253 1339 278 1377 ad
294 1338 408 1390 Hispaniam
418 1339 468 1376 misit
484 1351 535 1383 eum,
546 1351 604 1390 quem
618 1338 722 1390 Pompeius

76 1394 160 1446 legatum
170 1406 246 1445 semper·
258 1393 358 1445 judicavit,
368 1392 386 1437 ii,
397 1393 466 1444 quibus
476 1397 517 1431 erat
534 1405 611 1444 semper
620 1393 723 1431 molestum

75 1448 100 1485 ad
110 1461 154 1485 eum
164 1448 285 1499 potissimum
299 1459 341 1485 esse
350 1447 435 1491 missum,
446 1447 588 1498 speculatorem
598 1460 656 1498 quam
670 1447 722 1499 lega·
730 1455 755 1490 25

74 1507 116 1539 tum
130 1502 212 1553 judicari
228 1501 343 1540 maluerunt,
371 1500 455 1539 Potestis
470 1501 528 1553 igitur
543 1501 585 1553 jam
600 1501 721 1545 constituere,

75 1555 164 1601 Quirites,
178 1556 229 1594 hanc
239 1556 374 1593 auctoritatem
383 1555 448 1593 multis
463 1560 531 1607 postea
540 1555 598 1593 rebus
612 1556 672 1607 gestis
682 1568 722 1593 ma-

74 1609 155 1661 gnisque
171 1610 239 1647 vestris
254 1609 330 1660 judiciis
346 1609 481 1660 amplificatam
498 1615 591 1660 quantum
609 1610 661 1661 apud
679 1609 722 1647 illos

74 1675 134 1715 reges,
146 1668 239 1714 qnantum
249 1663 302 1714 apud
312 1667 387 1701 exteras
397 1662 482 1700 nationes
491 1662 593 1701 valituram
606 1676 648 1701 esse
657 1663 721 1701 eristi-

74 1717 135 1755 metis.
729 1726 754 1760 30

101 1771 133 1808 tt.
148 1770 252 1822 Reliquum
266 1776 301 1816 est,
315 1774 338 1808 ut
348 1769 372 1808 de
385 1770 482 1815 felicitate
494 1783 552 1821 quam
561 1774 655 1822 praestare
665 1771 689 1809 de
699 1784 720 1809 se

73 1824 115 1875 ipsc
132 1837 188 1862 nemo
205 1829 275 1876 potest,
292 1824 401 1862 meminisse
418 1829 437 1863 et
454 1837 602 1863 commemorare
620 1825 644 1863 de
661 1826 721 1863 altero

74 1891 182 1929 possumus,
193 1878 243 1917 sicut
259 1891 338 1929 aequum
347 1883 377 1916 est
390 1878 477 1916 homines
492 1878 516 1916 de
526 1884 624 1930 potestate
634 1879 721 1924 deorum,

74 1932 139 1970 timide
149 1938 168 1970 ct
178 1945 240 1984 panca
247 1932 339 1971 dicamus¹
367 1932 411 1985 Ego
421 1933 471 1971 enim
481 1933 508 1970 sic
518 1933 615 1971 existimo:
631 1933 720 1978 Maximo,

74 1985 171 2031 Marcello
187 1986 276 2039 Scipioni,
294 1986 354 2025 Mario
367 1992 387 2025 et
402 1987 470 2025 ceteris
485 1987 559 2040 magnis
575 1988 722 2039 imperatoribus
729 1996 754 2031 35

74 2053 113 2078 non
129 2040 191 2078 solum
208 2046 288 2093 propter
297 2041 394 2086 virtutem,
409 2041 443 2080 sed
461 2041 517 2079 etiam
531 2046 610 2093 propter
624 2041 722 2080 fortunam

74 2094 146 2144 sapius
161 2095 241 2147 imperia
257 2095 348 2133 mandata
365 2100 423 2146 atque
438 2095 533 2134 exercitus
548 2108 589 2133 esse
604 2096 720 2134 commissos.

73 2147 119 2185 Fuit
136 2149 186 2186 enim
202 2150 290 2201 profecto
305 2149 422 2200 quibusdam
436 2149 515 2187 summis
529 2150 573 2187 viris
589 2149 681 2200 quadam
697 2148 722 2187 ad

74 2202 219 2252 amplitudinem
229 2209 248 2241 et
258 2204 283 2241 ad
293 2203 373 2255 gloriam
381 2203 432 2241 etad
441 2216 471 2241 res
481 2216 561 2255 magnas
569 2203 617 2241 benc
626 2203 721 2254 gerendas

74 2254 163 2294 divinitus
173 2256 266 2308 adjuncta
275 2257 358 2294 fortuna.
386 2256 416 2295 De
426 2257 484 2308 hujus
494 2264 560 2294 autem
571 2256 651 2295 lromiuis
662 2256 720 2294 felici·
727 2263 754 2300 40

73 2312 120 2353 tate,
131 2308 156 2346 de
170 2322 208 2361 quo
223 2324 274 2348 nunc
289 2311 369 2363 agimus,
380 2311 417 2348 hac
434 2316 478 2348 utar
493 2310 624 2348 moderatione
639 2310 720 2355 dicendi,

73 2374 112 2400 nou
121 2367 143 2400 ut
152 2363 172 2401 iu
181 2363 230 2403 illius
241 2369 338 2416 potestate
347 2365 444 2402 fortunam
458 2364 540 2416 positam
551 2377 592 2402 esse
607 2363 675 2409 dicam,
686 2364 721 2402 sed

73 2419 96 2454 ut
112 2417 211 2467 praeterita
225 2418 338 2463 meminisse,
353 2419 426 2470 reliqua
439 2431 517 2470 sperare
527 2418 631 2463 videamur,
647 2431 671 2456 ne
687 2422 722 2456 aut

73 2468 133 2508 invisa
147 2470 182 2509 diis
198 2471 338 2512 immortalibus
352 2473 414 2511 oratio
428 2478 493 2511 nostra
502 2477 537 2511 aut
553 2472 628 2525 ingrata
642 2486 684 2511 esse
693 2473 720 2512 vi·
