<?xml version="1.0" encoding="UTF-8"?>
<!DOCTYPE html PUBLIC "-//W3C//DTD XHTML 1.0 Transitional//EN"
    "http://www.w3.org/TR/xhtml1/DTD/xhtml1-transitional.dtd">
<html xmlns="http://www.w3.org/1999/xhtml" xml:lang="en" lang="en">
 <head>
  <title>
</title>
<meta http-equiv="Content-Type" content="text/html;charset=utf-8" />
  <meta name='ocr-system' content='tesseract 3.04.00' />
  <meta name='ocr-capabilities' content='ocr_page ocr_carea ocr_par ocr_line ocrx_word'/>
</head>
<body>
  <div class='ocr_page' id='page_1' title='image "MN40048ucmf_0_0128.png"; bbox 0 0 1738 2673; ppageno 0'>
   <div class='ocr_carea' id='block_1_1' title="bbox 113 77 507 114">
    <p class='ocr_par' dir='ltr' id='par_1_1' title="bbox 113 77 507 114">
     <span class='ocr_line' id='line_1_1' title="bbox 113 77 507 114; baseline 0 0"><span class='ocrx_word' id='word_1_1' title='bbox 113 77 152 114; x_wconf 90' lang='grc'>110</span> <span class='ocrx_word' id='word_1_2' title='bbox 435 87 507 114; x_wconf 80' lang='lat' dir='ltr'>onnrro</span> 
     </span>
    </p>
   </div>
   <div class='ocr_carea' id='block_1_2' title="bbox 108 174 794 2540">
    <p class='ocr_par' dir='ltr' id='par_1_2' title="bbox 146 174 794 389">
     <span class='ocr_line' id='line_1_2' title="bbox 147 174 794 228; baseline -0.003 -14"><span class='ocrx_word' id='word_1_3' title='bbox 147 180 178 214; x_wconf 90' lang='lat'>11.</span> <span class='ocrx_word' id='word_1_4' title='bbox 193 175 235 213; x_wconf 85' lang='lat' dir='ltr'>Etsi</span> <span class='ocrx_word' id='word_1_5' title='bbox 249 177 381 228; x_wconf 73' lang='lat' dir='ltr'>persapienter</span> <span class='ocrx_word' id='word_1_6' title='bbox 395 181 415 214; x_wconf 87' lang='lat' dir='ltr'>et</span> <span class='ocrx_word' id='word_1_7' title='bbox 431 176 574 227; x_wconf 86' lang='lat' dir='ltr'>quodammodo</span> <span class='ocrx_word' id='word_1_8' title='bbox 588 174 646 213; x_wconf 86' lang='lat' dir='ltr'>tacite</span> <span class='ocrx_word' id='word_1_9' title='bbox 656 174 690 212; x_wconf 85' lang='lat' dir='ltr'>dat</span> <span class='ocrx_word' id='word_1_10' title='bbox 706 175 748 226; x_wconf 85' lang='lat' dir='ltr'>ipsa</span> <span class='ocrx_word' id='word_1_11' title='bbox 762 174 794 213; x_wconf 80' lang='lat' dir='ltr'>lex</span> 
     </span>
     <span class='ocr_line' id='line_1_3' title="bbox 146 228 793 281; baseline -0.002 -14"><span class='ocrx_word' id='word_1_12' title='bbox 146 234 263 281; x_wconf 86' lang='lat' dir='ltr'>potestatem</span> <span class='ocrx_word' id='word_1_13' title='bbox 273 230 394 275; x_wconf 85' lang='lat' dir='ltr'>defendendi,</span> <span class='ocrx_word' id='word_1_14' title='bbox 405 244 448 281; x_wconf 83' lang='lat' dir='ltr'>quae</span> <span class='ocrx_word' id='word_1_15' title='bbox 464 243 501 267; x_wconf 89' lang='lat' dir='ltr'>non</span> <span class='ocrx_word' id='word_1_16' title='bbox 516 230 613 268; x_wconf 88' lang='lat' dir='ltr'>hominem</span> <span class='ocrx_word' id='word_1_17' title='bbox 626 228 691 273; x_wconf 87' lang='lat' dir='ltr'>occidi,</span> <span class='ocrx_word' id='word_1_18' title='bbox 703 228 737 267; x_wconf 89' lang='lat' dir='ltr'>sed</span> <span class='ocrx_word' id='word_1_19' title='bbox 751 241 793 267; x_wconf 90' lang='lat' dir='ltr'>esse</span> 
     </span>
     <span class='ocr_line' id='line_1_4' title="bbox 147 284 792 333; baseline -0.003 -12"><span class='ocrx_word' id='word_1_20' title='bbox 147 297 191 322; x_wconf 88' lang='lat' dir='ltr'>oum</span> <span class='ocrx_word' id='word_1_21' title='bbox 205 284 244 322; x_wconf 88' lang='lat' dir='ltr'>telo</span> <span class='ocrx_word' id='word_1_22' title='bbox 261 284 342 322; x_wconf 88' lang='lat' dir='ltr'>hominis</span> <span class='ocrx_word' id='word_1_23' title='bbox 356 284 456 322; x_wconf 89' lang='lat' dir='ltr'>occidendi</span> <span class='ocrx_word' id='word_1_24' title='bbox 470 296 528 322; x_wconf 87' lang='lat' dir='ltr'>causa</span> <span class='ocrx_word' id='word_1_25' title='bbox 537 287 595 328; x_wconf 87' lang='lat' dir='ltr'>vetat,</span> <span class='ocrx_word' id='word_1_26' title='bbox 610 287 638 328; x_wconf 84' lang='lat' dir='ltr'>ut,</span> <span class='ocrx_word' id='word_1_27' title='bbox 653 295 713 333; x_wconf 89' lang='lat' dir='ltr'>quum</span> <span class='ocrx_word' id='word_1_28' title='bbox 728 294 792 327; x_wconf 83' lang='lat' dir='ltr'>causa,</span> 
     </span>
     <span class='ocr_line' id='line_1_5' title="bbox 146 337 793 389; baseline -0.002 -14"><span class='ocrx_word' id='word_1_29' title='bbox 146 350 184 375; x_wconf 92' lang='lat' dir='ltr'>uon</span> <span class='ocrx_word' id='word_1_30' title='bbox 194 337 254 375; x_wconf 89' lang='lat' dir='ltr'>telum</span> <span class='ocrx_word' id='word_1_31' title='bbox 264 343 388 389; x_wconf 64' lang='lat' dir='ltr'>quaereretur,</span> <span class='ocrx_word' id='word_1_32' title='bbox 399 337 432 388; x_wconf 93' lang='lat' dir='ltr'>qui</span> <span class='ocrx_word' id='word_1_33' title='bbox 448 337 477 375; x_wconf 86' lang='lat' dir='ltr'>sui</span> <span class='ocrx_word' id='word_1_34' title='bbox 492 337 607 375; x_wconf 83' lang='lat' dir='ltr'>defendendi</span> <span class='ocrx_word' id='word_1_35' title='bbox 616 349 675 374; x_wconf 86' lang='lat' dir='ltr'>causa</span> <span class='ocrx_word' id='word_1_36' title='bbox 689 337 727 374; x_wconf 89' lang='lat' dir='ltr'>tolo</span> <span class='ocrx_word' id='word_1_37' title='bbox 742 340 793 374; x_wconf 89' lang='lat' dir='ltr'>esset</span> 
     </span>
    </p>

    <p class='ocr_par' dir='ltr' id='par_1_3' title="bbox 125 389 793 657">
     <span class='ocr_line' id='line_1_6' title="bbox 125 389 792 441; baseline -0.004 -11"><span class='ocrx_word' id='word_1_38' title='bbox 125 397 136 432; x_wconf 87' lang='lat'><strong>5</strong></span> <span class='ocrx_word' id='word_1_39' title='bbox 146 404 199 436; x_wconf 91' lang='lat' dir='ltr'>usus,</span> <span class='ocrx_word' id='word_1_40' title='bbox 209 404 247 429; x_wconf 91' lang='lat' dir='ltr'>non</span> <span class='ocrx_word' id='word_1_41' title='bbox 255 391 336 429; x_wconf 87' lang='lat' dir='ltr'>hominis</span> <span class='ocrx_word' id='word_1_42' title='bbox 346 391 444 429; x_wconf 86' lang='lat' dir='ltr'>occidendi</span> <span class='ocrx_word' id='word_1_43' title='bbox 458 403 516 428; x_wconf 83' lang='lat' dir='ltr'>causa</span> <span class='ocrx_word' id='word_1_44' title='bbox 525 391 616 428; x_wconf 82' lang='lat' dir='ltr'>habuisse</span> <span class='ocrx_word' id='word_1_45' title='bbox 625 390 685 427; x_wconf 86' lang='lat' dir='ltr'>telum</span> <span class='ocrx_word' id='word_1_46' title='bbox 697 389 792 441; x_wconf 84' lang='lat' dir='ltr'>judicare-</span> 
     </span>
     <span class='ocr_line' id='line_1_7' title="bbox 146 443 793 496; baseline -0.003 -14"><span class='ocrx_word' id='word_1_47' title='bbox 146 450 184 483; x_wconf 87' lang='lat' dir='ltr'>tur.</span> <span class='ocrx_word' id='word_1_48' title='bbox 213 445 336 496; x_wconf 86' lang='lat' dir='ltr'>Quapropter</span> <span class='ocrx_word' id='word_1_49' title='bbox 345 445 382 482; x_wconf 91' lang='lat' dir='ltr'>hoc</span> <span class='ocrx_word' id='word_1_50' title='bbox 392 449 469 482; x_wconf 83' lang='lat' dir='ltr'>maneat</span> <span class='ocrx_word' id='word_1_51' title='bbox 485 444 504 481; x_wconf 88' lang='lat' dir='ltr'>in</span> <span class='ocrx_word' id='word_1_52' title='bbox 514 456 577 488; x_wconf 83' lang='lat' dir='ltr'>causa,</span> <span class='ocrx_word' id='word_1_53' title='bbox 591 443 678 495; x_wconf 83' lang='lat' dir='ltr'>judices;</span> <span class='ocrx_word' id='word_1_54' title='bbox 695 457 733 481; x_wconf 90' lang='lat' dir='ltr'>uon</span> <span class='ocrx_word' id='word_1_55' title='bbox 743 443 793 481; x_wconf 92' lang='lat' dir='ltr'>enim</span> 
     </span>
     <span class='ocr_line' id='line_1_8' title="bbox 146 496 792 549; baseline -0.003 -13"><span class='ocrx_word' id='word_1_56' title='bbox 146 498 220 542; x_wconf 86' lang='lat' dir='ltr'>dubito,</span> <span class='ocrx_word' id='word_1_57' title='bbox 231 499 276 549; x_wconf 90' lang='lat' dir='ltr'>quin</span> <span class='ocrx_word' id='word_1_58' title='bbox 286 499 401 549; x_wconf 82' lang='lat' dir='ltr'>probaturus</span> <span class='ocrx_word' id='word_1_59' title='bbox 416 498 451 535; x_wconf 95' lang='lat' dir='ltr'>sim</span> <span class='ocrx_word' id='word_1_60' title='bbox 461 498 515 536; x_wconf 81' lang='lat' dir='ltr'>robis</span> <span class='ocrx_word' id='word_1_61' title='bbox 529 498 658 536; x_wconf 85' lang='lat' dir='ltr'>defensionem</span> <span class='ocrx_word' id='word_1_62' title='bbox 668 509 737 542; x_wconf 82' lang='lat' dir='ltr'>meam,</span> <span class='ocrx_word' id='word_1_63' title='bbox 748 497 763 535; x_wconf 90' lang='lat' dir='ltr'>si</span> <span class='ocrx_word' id='word_1_64' title='bbox 772 496 792 535; x_wconf 93' lang='lat' dir='ltr'>id</span> 
     </span>
     <span class='ocr_line' id='line_1_9' title="bbox 146 551 792 605; baseline 0 -15"><span class='ocrx_word' id='word_1_65' title='bbox 146 552 273 597; x_wconf 81' lang='lat' dir='ltr'>memineritis,</span> <span class='ocrx_word' id='word_1_66' title='bbox 284 552 337 603; x_wconf 92' lang='lat' dir='ltr'>quod</span> <span class='ocrx_word' id='word_1_67' title='bbox 351 552 435 591; x_wconf 81' lang='lat' dir='ltr'>oblivisci</span> <span class='ocrx_word' id='word_1_68' title='bbox 447 565 486 590; x_wconf 88' lang='lat' dir='ltr'>non</span> <span class='ocrx_word' id='word_1_69' title='bbox 500 552 585 605; x_wconf 88' lang='lat' dir='ltr'>potestis,</span> <span class='ocrx_word' id='word_1_70' title='bbox 596 551 725 590; x_wconf 81' lang='lat' dir='ltr'>insidiatorem</span> <span class='ocrx_word' id='word_1_71' title='bbox 735 552 792 590; x_wconf 88' lang='lat' dir='ltr'>inter-</span> 
     </span>
     <span class='ocr_line' id='line_1_10' title="bbox 146 606 301 657; baseline 0.013 -14"><span class='ocrx_word' id='word_1_72' title='bbox 146 606 177 644; x_wconf 91' lang='lat' dir='ltr'>fici</span> <span class='ocrx_word' id='word_1_73' title='bbox 185 607 228 657; x_wconf 86' lang='lat' dir='ltr'>jure</span> <span class='ocrx_word' id='word_1_74' title='bbox 238 619 301 657; x_wconf 88' lang='lat' dir='ltr'>posse.</span> 
     </span>
    </p>

    <p class='ocr_par' dir='ltr' id='par_1_4' title="bbox 112 659 792 921">
     <span class='ocr_line' id='line_1_11' title="bbox 112 659 792 712; baseline -0.004 -12"><span class='ocrx_word' id='word_1_75' title='bbox 112 666 137 701; x_wconf 91' lang='lat'>10</span> <span class='ocrx_word' id='word_1_76' title='bbox 173 660 198 698; x_wconf 92' lang='lat' dir='ltr'>V.</span> <span class='ocrx_word' id='word_1_77' title='bbox 228 664 259 698; x_wconf 76' lang='lat'>12.</span> <span class='ocrx_word' id='word_1_78' title='bbox 274 660 365 712; x_wconf 83' lang='lat' dir='ltr'>Sequitur</span> <span class='ocrx_word' id='word_1_79' title='bbox 374 660 427 705; x_wconf 87' lang='lat' dir='ltr'>illud,</span> <span class='ocrx_word' id='word_1_80' title='bbox 434 660 486 711; x_wconf 91' lang='lat' dir='ltr'>quod</span> <span class='ocrx_word' id='word_1_81' title='bbox 496 673 508 698; x_wconf 83' lang='lat' dir='ltr'>a</span> <span class='ocrx_word' id='word_1_82' title='bbox 517 660 593 698; x_wconf 86' lang='lat' dir='ltr'>Milonis</span> <span class='ocrx_word' id='word_1_83' title='bbox 602 659 680 697; x_wconf 89' lang='lat' dir='ltr'>inimicis</span> <span class='ocrx_word' id='word_1_84' title='bbox 688 659 792 712; x_wconf 77' lang='lat' dir='ltr'>saepissime</span> 
     </span>
     <span class='ocr_line' id='line_1_12' title="bbox 146 714 792 766; baseline -0.002 -15"><span class='ocrx_word' id='word_1_85' title='bbox 146 714 221 758; x_wconf 86' lang='lat' dir='ltr'>dicitur,</span> <span class='ocrx_word' id='word_1_86' title='bbox 239 714 320 760; x_wconf 79' lang='lat' dir='ltr'>caedem,</span> <span class='ocrx_word' id='word_1_87' title='bbox 337 715 356 752; x_wconf 90' lang='lat' dir='ltr'>in</span> <span class='ocrx_word' id='word_1_88' title='bbox 372 727 410 766; x_wconf 85' lang='lat' dir='ltr'>qua</span> <span class='ocrx_word' id='word_1_89' title='bbox 426 715 448 752; x_wconf 89' lang='lat' dir='ltr'>P.</span> <span class='ocrx_word' id='word_1_90' title='bbox 467 714 545 753; x_wconf 80' lang='lat' dir='ltr'>Clodius</span> <span class='ocrx_word' id='word_1_91' title='bbox 561 714 634 752; x_wconf 91' lang='lat' dir='ltr'>occisus</span> <span class='ocrx_word' id='word_1_92' title='bbox 651 718 686 757; x_wconf 89' lang='lat' dir='ltr'>est,</span> <span class='ocrx_word' id='word_1_93' title='bbox 703 719 792 752; x_wconf 85' lang='lat' dir='ltr'>senatum</span> 
     </span>
     <span class='ocr_line' id='line_1_13' title="bbox 145 767 792 819; baseline -0.003 -13"><span class='ocrx_word' id='word_1_94' title='bbox 145 768 248 819; x_wconf 82' lang='lat' dir='ltr'>judicasse,</span> <span class='ocrx_word' id='word_1_95' title='bbox 263 774 329 807; x_wconf 86' lang='lat' dir='ltr'>contra</span> <span class='ocrx_word' id='word_1_96' title='bbox 345 781 386 806; x_wconf 87' lang='lat' dir='ltr'>rem</span> <span class='ocrx_word' id='word_1_97' title='bbox 403 769 500 819; x_wconf 83' lang='lat' dir='ltr'>publicam</span> <span class='ocrx_word' id='word_1_98' title='bbox 514 781 556 806; x_wconf 89' lang='lat' dir='ltr'>esse</span> <span class='ocrx_word' id='word_1_99' title='bbox 569 768 647 806; x_wconf 79' lang='lat' dir='ltr'>factam.</span> <span class='ocrx_word' id='word_1_100' title='bbox 676 767 732 805; x_wconf 81' lang='lat' dir='ltr'>Illam</span> <span class='ocrx_word' id='word_1_101' title='bbox 747 779 792 805; x_wconf 87' lang='lat' dir='ltr'>vero</span> 
     </span>
     <span class='ocr_line' id='line_1_14' title="bbox 147 820 791 875; baseline -0.002 -15"><span class='ocrx_word' id='word_1_102' title='bbox 147 828 224 860; x_wconf 87' lang='lat' dir='ltr'>senatus</span> <span class='ocrx_word' id='word_1_103' title='bbox 234 835 272 860; x_wconf 92' lang='lat' dir='ltr'>non</span> <span class='ocrx_word' id='word_1_104' title='bbox 282 823 378 861; x_wconf 84' lang='lat' dir='ltr'>sententiis</span> <span class='ocrx_word' id='word_1_105' title='bbox 388 822 427 860; x_wconf 87' lang='lat' dir='ltr'>suis</span> <span class='ocrx_word' id='word_1_106' title='bbox 437 822 504 866; x_wconf 88' lang='lat' dir='ltr'>solum,</span> <span class='ocrx_word' id='word_1_107' title='bbox 515 822 550 861; x_wconf 89' lang='lat' dir='ltr'>sed</span> <span class='ocrx_word' id='word_1_108' title='bbox 560 822 617 860; x_wconf 86' lang='lat' dir='ltr'>etiam</span> <span class='ocrx_word' id='word_1_109' title='bbox 627 820 694 875; x_wconf 80' lang='lat' dir='ltr'>studiis</span> <span class='ocrx_word' id='word_1_110' title='bbox 705 834 791 873; x_wconf 93' lang='lat' dir='ltr'>compro-</span> 
     </span>
     <span class='ocr_line' id='line_1_15' title="bbox 146 875 790 921; baseline -0.002 -7"><span class='ocrx_word' id='word_1_111' title='bbox 146 876 205 914; x_wconf 86' lang='lat' dir='ltr'>bavit.</span> <span class='ocrx_word' id='word_1_112' title='bbox 235 876 313 921; x_wconf 81' lang='lat' dir='ltr'>Quoties</span> <span class='ocrx_word' id='word_1_113' title='bbox 324 877 373 915; x_wconf 91' lang='lat' dir='ltr'>enim</span> <span class='ocrx_word' id='word_1_114' title='bbox 383 882 413 914; x_wconf 90' lang='lat' dir='ltr'>est</span> <span class='ocrx_word' id='word_1_115' title='bbox 426 876 458 914; x_wconf 90' lang='lat' dir='ltr'>illa</span> <span class='ocrx_word' id='word_1_116' title='bbox 468 889 526 914; x_wconf 82' lang='lat' dir='ltr'>causa</span> <span class='ocrx_word' id='word_1_117' title='bbox 535 889 547 913; x_wconf 87' lang='lat' dir='ltr'>a</span> <span class='ocrx_word' id='word_1_118' title='bbox 556 876 611 913; x_wconf 89' lang='lat' dir='ltr'>nobis</span> <span class='ocrx_word' id='word_1_119' title='bbox 621 880 665 913; x_wconf 83' lang='lat' dir='ltr'>acta</span> <span class='ocrx_word' id='word_1_120' title='bbox 678 875 697 912; x_wconf 91' lang='lat' dir='ltr'>in</span> <span class='ocrx_word' id='word_1_121' title='bbox 707 875 790 913; x_wconf 72' lang='lat' dir='ltr'>senatu?</span> 
     </span>
    </p>

    <p class='ocr_par' dir='ltr' id='par_1_5' title="bbox 112 929 792 1197">
     <span class='ocr_line' id='line_1_16' title="bbox 112 929 792 981; baseline 0 -14"><span class='ocrx_word' id='word_1_122' title='bbox 112 937 136 972; x_wconf 87' lang='lat'>15</span> <span class='ocrx_word' id='word_1_123' title='bbox 146 930 216 981; x_wconf 89' lang='lat' dir='ltr'>quihus</span> <span class='ocrx_word' id='word_1_124' title='bbox 226 930 365 969; x_wconf 83' lang='lat' dir='ltr'>assensionibus</span> <span class='ocrx_word' id='word_1_125' title='bbox 375 930 457 968; x_wconf 86' lang='lat' dir='ltr'>universi</span> <span class='ocrx_word' id='word_1_126' title='bbox 467 929 552 967; x_wconf 67' lang='lat' dir='ltr'>ordinis?</span> <span class='ocrx_word' id='word_1_127' title='bbox 568 942 626 981; x_wconf 87' lang='lat' dir='ltr'>quam</span> <span class='ocrx_word' id='word_1_128' title='bbox 640 941 675 967; x_wconf 83' lang='lat' dir='ltr'>nec</span> <span class='ocrx_word' id='word_1_129' title='bbox 684 929 747 967; x_wconf 85' lang='lat' dir='ltr'>tacitis</span> <span class='ocrx_word' id='word_1_130' title='bbox 756 942 792 967; x_wconf 89' lang='lat' dir='ltr'>nec</span> 
     </span>
     <span class='ocr_line' id='line_1_17' title="bbox 147 984 792 1035; baseline -0.002 -13"><span class='ocrx_word' id='word_1_131' title='bbox 147 984 241 1022; x_wconf 73' lang='lat' dir='ltr'>occultis?</span> <span class='ocrx_word' id='word_1_132' title='bbox 280 984 362 1029; x_wconf 79' lang='lat' dir='ltr'>Quando</span> <span class='ocrx_word' id='word_1_133' title='bbox 379 984 428 1022; x_wconf 91' lang='lat' dir='ltr'>enim</span> <span class='ocrx_word' id='word_1_134' title='bbox 447 984 600 1034; x_wconf 83' lang='lat' dir='ltr'>frequentissimo</span> <span class='ocrx_word' id='word_1_135' title='bbox 617 988 685 1021; x_wconf 89' lang='lat' dir='ltr'>senatu</span> <span class='ocrx_word' id='word_1_136' title='bbox 701 989 792 1035; x_wconf 83' lang='lat' dir='ltr'>quattuor</span> 
     </span>
     <span class='ocr_line' id='line_1_18' title="bbox 146 1037 792 1089; baseline 0 -15"><span class='ocrx_word' id='word_1_137' title='bbox 146 1043 180 1075; x_wconf 84' lang='lat' dir='ltr'>aut</span> <span class='ocrx_word' id='word_1_138' title='bbox 190 1051 287 1075; x_wconf 92' lang='lat' dir='ltr'>summum</span> <span class='ocrx_word' id='word_1_139' title='bbox 297 1039 380 1089; x_wconf 89' lang='lat' dir='ltr'>quinque</span> <span class='ocrx_word' id='word_1_140' title='bbox 390 1043 434 1076; x_wconf 92' lang='lat' dir='ltr'>sunt</span> <span class='ocrx_word' id='word_1_141' title='bbox 443 1039 518 1083; x_wconf 87' lang='lat' dir='ltr'>inventi,</span> <span class='ocrx_word' id='word_1_142' title='bbox 531 1038 563 1089; x_wconf 92' lang='lat' dir='ltr'>qui</span> <span class='ocrx_word' id='word_1_143' title='bbox 577 1037 652 1075; x_wconf 90' lang='lat' dir='ltr'>Milonis</span> <span class='ocrx_word' id='word_1_144' title='bbox 662 1050 740 1075; x_wconf 85' lang='lat' dir='ltr'>causam</span> <span class='ocrx_word' id='word_1_145' title='bbox 753 1051 792 1075; x_wconf 87' lang='lat' dir='ltr'>uon</span> 
     </span>
     <span class='ocr_line' id='line_1_19' title="bbox 147 1091 790 1143; baseline 0.002 -15"><span class='ocrx_word' id='word_1_146' title='bbox 147 1092 267 1143; x_wconf 73' lang='lat' dir='ltr'>probarent?</span> <span class='ocrx_word' id='word_1_147' title='bbox 296 1092 400 1130; x_wconf 83' lang='lat' dir='ltr'>Declarant</span> <span class='ocrx_word' id='word_1_148' title='bbox 416 1092 474 1143; x_wconf 80' lang='lat' dir='ltr'>liujus</span> <span class='ocrx_word' id='word_1_149' title='bbox 489 1092 572 1130; x_wconf 80' lang='lat' dir='ltr'>ambusti</span> <span class='ocrx_word' id='word_1_150' title='bbox 587 1092 659 1130; x_wconf 88' lang='lat' dir='ltr'>tribuni</span> <span class='ocrx_word' id='word_1_151' title='bbox 675 1091 736 1142; x_wconf 88' lang='lat' dir='ltr'>plebis</span> <span class='ocrx_word' id='word_1_152' title='bbox 753 1091 790 1129; x_wconf 86' lang='lat' dir='ltr'>illae</span> 
     </span>
     <span class='ocr_line' id='line_1_20' title="bbox 145 1145 791 1197; baseline 0.002 -15"><span class='ocrx_word' id='word_1_153' title='bbox 145 1145 276 1183; x_wconf 78' lang='lat' dir='ltr'>intermortuae</span> <span class='ocrx_word' id='word_1_154' title='bbox 293 1147 399 1191; x_wconf 76' lang='lat' dir='ltr'>conciones,</span> <span class='ocrx_word' id='word_1_155' title='bbox 417 1147 486 1197; x_wconf 91' lang='lat' dir='ltr'>quibus</span> <span class='ocrx_word' id='word_1_156' title='bbox 503 1146 588 1197; x_wconf 87' lang='lat' dir='ltr'>qnotidie</span> <span class='ocrx_word' id='word_1_157' title='bbox 604 1159 667 1183; x_wconf 91' lang='lat' dir='ltr'>meam</span> <span class='ocrx_word' id='word_1_158' title='bbox 686 1145 791 1196; x_wconf 87' lang='lat' dir='ltr'>potentiam</span> 
     </span>
    </p>

    <p class='ocr_par' dir='ltr' id='par_1_6' title="bbox 111 1198 792 1466">
     <span class='ocr_line' id='line_1_21' title="bbox 111 1198 791 1252; baseline 0 -16"><span class='ocrx_word' id='word_1_159' title='bbox 111 1207 137 1242; x_wconf 82' lang='lat'>20</span> <span class='ocrx_word' id='word_1_160' title='bbox 146 1199 237 1237; x_wconf 88' lang='lat' dir='ltr'>invidiose</span> <span class='ocrx_word' id='word_1_161' title='bbox 255 1199 396 1245; x_wconf 76' lang='lat' dir='ltr'>criminabatur,</span> <span class='ocrx_word' id='word_1_162' title='bbox 412 1214 472 1252; x_wconf 89' lang='lat' dir='ltr'>quum</span> <span class='ocrx_word' id='word_1_163' title='bbox 491 1199 568 1243; x_wconf 87' lang='lat' dir='ltr'>diceret,</span> <span class='ocrx_word' id='word_1_164' title='bbox 587 1206 675 1238; x_wconf 84' lang='lat' dir='ltr'>senatum</span> <span class='ocrx_word' id='word_1_165' title='bbox 691 1198 791 1250; x_wconf 88' lang='lat' dir='ltr'>nonquod</span> 
     </span>
     <span class='ocr_line' id='line_1_22' title="bbox 147 1252 792 1306; baseline 0 -16"><span class='ocrx_word' id='word_1_166' title='bbox 147 1253 230 1298; x_wconf 86' lang='lat' dir='ltr'>sentiret,</span> <span class='ocrx_word' id='word_1_167' title='bbox 241 1253 276 1291; x_wconf 89' lang='lat' dir='ltr'>sed</span> <span class='ocrx_word' id='word_1_168' title='bbox 292 1254 344 1305; x_wconf 86' lang='lat' dir='ltr'>quod</span> <span class='ocrx_word' id='word_1_169' title='bbox 355 1267 391 1306; x_wconf 78' lang='lat' dir='ltr'>ego</span> <span class='ocrx_word' id='word_1_170' title='bbox 405 1254 479 1298; x_wconf 86' lang='lat' dir='ltr'>vellem,</span> <span class='ocrx_word' id='word_1_171' title='bbox 490 1253 597 1292; x_wconf 89' lang='lat' dir='ltr'>decernere.</span> <span class='ocrx_word' id='word_1_172' title='bbox 627 1254 675 1299; x_wconf 80' lang='lat' dir='ltr'>Quae</span> <span class='ocrx_word' id='word_1_173' title='bbox 684 1254 762 1304; x_wconf 84' lang='lat' dir='ltr'>quidem</span> <span class='ocrx_word' id='word_1_174' title='bbox 776 1252 792 1291; x_wconf 93' lang='lat' dir='ltr'>si</span> 
     </span>
     <span class='ocr_line' id='line_1_23' title="bbox 146 1307 792 1359; baseline 0.002 -15"><span class='ocrx_word' id='word_1_175' title='bbox 146 1307 232 1358; x_wconf 88' lang='lat' dir='ltr'>potentia</span> <span class='ocrx_word' id='word_1_176' title='bbox 242 1311 271 1344; x_wconf 87' lang='lat' dir='ltr'>est</span> <span class='ocrx_word' id='word_1_177' title='bbox 280 1308 395 1359; x_wconf 87' lang='lat' dir='ltr'>appellanda</span> <span class='ocrx_word' id='word_1_178' title='bbox 411 1308 475 1359; x_wconf 87' lang='lat' dir='ltr'>potius</span> <span class='ocrx_word' id='word_1_179' title='bbox 485 1320 543 1357; x_wconf 85' lang='lat' dir='ltr'>quam</span> <span class='ocrx_word' id='word_1_180' title='bbox 553 1313 586 1345; x_wconf 86' lang='lat' dir='ltr'>aut</span> <span class='ocrx_word' id='word_1_181' title='bbox 600 1312 680 1359; x_wconf 85' lang='lat' dir='ltr'>propter</span> <span class='ocrx_word' id='word_1_182' title='bbox 689 1320 759 1359; x_wconf 82' lang='lat' dir='ltr'>magna</span> <span class='ocrx_word' id='word_1_183' title='bbox 772 1307 792 1345; x_wconf 88' lang='lat' dir='ltr'>in</span> 
     </span>
     <span class='ocr_line' id='line_1_24' title="bbox 146 1361 791 1412; baseline 0.002 -15"><span class='ocrx_word' id='word_1_184' title='bbox 146 1373 187 1398; x_wconf 89' lang='lat' dir='ltr'>rem</span> <span class='ocrx_word' id='word_1_185' title='bbox 203 1361 300 1412; x_wconf 88' lang='lat' dir='ltr'>publicam</span> <span class='ocrx_word' id='word_1_186' title='bbox 316 1362 384 1399; x_wconf 79' lang='lat' dir='ltr'>merita</span> <span class='ocrx_word' id='word_1_187' title='bbox 400 1361 500 1399; x_wconf 88' lang='lat' dir='ltr'>mediocris</span> <span class='ocrx_word' id='word_1_188' title='bbox 517 1361 536 1398; x_wconf 92' lang='lat' dir='ltr'>in</span> <span class='ocrx_word' id='word_1_189' title='bbox 550 1361 603 1399; x_wconf 92' lang='lat' dir='ltr'>bonis</span> <span class='ocrx_word' id='word_1_190' title='bbox 616 1361 678 1399; x_wconf 78' lang='lat' dir='ltr'>causis</span> <span class='ocrx_word' id='word_1_191' title='bbox 688 1361 791 1399; x_wconf 86' lang='lat' dir='ltr'>auctoritas</span> 
     </span>
     <span class='ocr_line' id='line_1_25' title="bbox 146 1415 791 1466; baseline 0.002 -15"><span class='ocrx_word' id='word_1_192' title='bbox 146 1420 181 1451; x_wconf 85' lang='lat' dir='ltr'>aut</span> <span class='ocrx_word' id='word_1_193' title='bbox 190 1420 270 1465; x_wconf 84' lang='lat' dir='ltr'>propter</span> <span class='ocrx_word' id='word_1_194' title='bbox 279 1415 314 1453; x_wconf 88' lang='lat' dir='ltr'>hos</span> <span class='ocrx_word' id='word_1_195' title='bbox 325 1416 417 1453; x_wconf 87' lang='lat' dir='ltr'>officiosos</span> <span class='ocrx_word' id='word_1_196' title='bbox 427 1415 502 1453; x_wconf 84' lang='lat' dir='ltr'>labores</span> <span class='ocrx_word' id='word_1_197' title='bbox 508 1428 561 1453; x_wconf 91' lang='lat' dir='ltr'>meos</span> <span class='ocrx_word' id='word_1_198' title='bbox 571 1415 662 1453; x_wconf 88' lang='lat' dir='ltr'>nonnulla</span> <span class='ocrx_word' id='word_1_199' title='bbox 669 1415 720 1466; x_wconf 82' lang='lat' dir='ltr'>apud</span> <span class='ocrx_word' id='word_1_200' title='bbox 731 1416 791 1454; x_wconf 89' lang='lat' dir='ltr'>bonos</span> 
     </span>
    </p>

    <p class='ocr_par' dir='ltr' id='par_1_7' title="bbox 111 1468 791 1728">
     <span class='ocr_line' id='line_1_26' title="bbox 111 1468 791 1520; baseline 0.003 -16"><span class='ocrx_word' id='word_1_201' title='bbox 111 1477 136 1512; x_wconf 83' lang='lat'>25</span> <span class='ocrx_word' id='word_1_202' title='bbox 146 1468 214 1520; x_wconf 80' lang='lat' dir='ltr'>gratia,</span> <span class='ocrx_word' id='word_1_203' title='bbox 225 1468 335 1519; x_wconf 80' lang='lat' dir='ltr'>appelletur</span> <span class='ocrx_word' id='word_1_204' title='bbox 349 1469 375 1506; x_wconf 87' lang='lat' dir='ltr'>ita</span> <span class='ocrx_word' id='word_1_205' title='bbox 385 1482 436 1514; x_wconf 88' lang='lat' dir='ltr'>saue,</span> <span class='ocrx_word' id='word_1_206' title='bbox 453 1469 557 1506; x_wconf 90' lang='lat' dir='ltr'>dummodo</span> <span class='ocrx_word' id='word_1_207' title='bbox 575 1481 597 1506; x_wconf 83' lang='lat' dir='ltr'>ea</span> <span class='ocrx_word' id='word_1_208' title='bbox 611 1481 646 1506; x_wconf 91' lang='lat' dir='ltr'>nos</span> <span class='ocrx_word' id='word_1_209' title='bbox 662 1473 739 1506; x_wconf 79' lang='lat' dir='ltr'>utamur</span> <span class='ocrx_word' id='word_1_210' title='bbox 756 1481 791 1520; x_wconf 91' lang='lat' dir='ltr'>pro</span> 
     </span>
     <span class='ocr_line' id='line_1_27' title="bbox 146 1522 791 1574; baseline 0 -15"><span class='ocrx_word' id='word_1_211' title='bbox 146 1522 209 1560; x_wconf 89' lang='lat' dir='ltr'>salute</span> <span class='ocrx_word' id='word_1_212' title='bbox 225 1522 319 1560; x_wconf 85' lang='lat' dir='ltr'>bonorum</span> <span class='ocrx_word' id='word_1_213' title='bbox 332 1529 398 1561; x_wconf 85' lang='lat' dir='ltr'>contra</span> <span class='ocrx_word' id='word_1_214' title='bbox 411 1522 513 1560; x_wconf 84' lang='lat' dir='ltr'>amentiam</span> <span class='ocrx_word' id='word_1_215' title='bbox 530 1522 655 1574; x_wconf 83' lang='lat' dir='ltr'>perditorum.</span> <span class='ocrx_word' id='word_1_216' title='bbox 688 1527 718 1562; x_wconf 77' lang='lat' dir='ltr'>ta.</span> <span class='ocrx_word' id='word_1_217' title='bbox 734 1523 791 1561; x_wconf 78' lang='lat' dir='ltr'>Hune</span> 
     </span>
     <span class='ocr_line' id='line_1_28' title="bbox 145 1576 790 1627; baseline -0.002 -13"><span class='ocrx_word' id='word_1_218' title='bbox 145 1588 190 1614; x_wconf 82' lang='lat' dir='ltr'>rerc</span> <span class='ocrx_word' id='word_1_219' title='bbox 200 1576 330 1626; x_wconf 81' lang='lat' dir='ltr'>quaestionem</span> <span class='ocrx_word' id='word_1_220' title='bbox 341 1577 376 1615; x_wconf 86' lang='lat' dir='ltr'>etsi</span> <span class='ocrx_word' id='word_1_221' title='bbox 386 1590 423 1614; x_wconf 87' lang='lat' dir='ltr'>non</span> <span class='ocrx_word' id='word_1_222' title='bbox 434 1581 463 1614; x_wconf 85' lang='lat' dir='ltr'>est</span> <span class='ocrx_word' id='word_1_223' title='bbox 472 1576 541 1627; x_wconf 87' lang='lat' dir='ltr'>iniqua,</span> <span class='ocrx_word' id='word_1_224' title='bbox 552 1589 650 1627; x_wconf 85' lang='lat' dir='ltr'>nunquam</span> <span class='ocrx_word' id='word_1_225' title='bbox 662 1581 727 1615; x_wconf 91' lang='lat' dir='ltr'>tamen</span> <span class='ocrx_word' id='word_1_226' title='bbox 736 1589 790 1615; x_wconf 83' lang='lat' dir='ltr'>sena-</span> 
     </span>
     <span class='ocr_line' id='line_1_29' title="bbox 145 1629 790 1682; baseline 0.003 -15"><span class='ocrx_word' id='word_1_227' title='bbox 145 1634 176 1668; x_wconf 88' lang='lat' dir='ltr'>tus</span> <span class='ocrx_word' id='word_1_228' title='bbox 187 1629 341 1668; x_wconf 87' lang='lat' dir='ltr'>constituendam</span> <span class='ocrx_word' id='word_1_229' title='bbox 350 1630 430 1682; x_wconf 83' lang='lat' dir='ltr'>putavit.</span> <span class='ocrx_word' id='word_1_230' title='bbox 459 1630 519 1668; x_wconf 86' lang='lat' dir='ltr'>Erant</span> <span class='ocrx_word' id='word_1_231' title='bbox 536 1630 585 1668; x_wconf 92' lang='lat' dir='ltr'>enim</span> <span class='ocrx_word' id='word_1_232' title='bbox 599 1630 657 1682; x_wconf 79' lang='lat' dir='ltr'>leges,</span> <span class='ocrx_word' id='word_1_233' title='bbox 668 1636 722 1669; x_wconf 86' lang='lat' dir='ltr'>erant</span> <span class='ocrx_word' id='word_1_234' title='bbox 736 1643 790 1682; x_wconf 80' lang='lat' dir='ltr'>quae-</span> 
     </span>
     <span class='ocr_line' id='line_1_30' title="bbox 145 1683 790 1728; baseline 0.002 -7"><span class='ocrx_word' id='word_1_235' title='bbox 145 1684 222 1728; x_wconf 80' lang='lat' dir='ltr'>stiones,</span> <span class='ocrx_word' id='word_1_236' title='bbox 237 1683 268 1721; x_wconf 81' lang='lat' dir='ltr'>vel</span> <span class='ocrx_word' id='word_1_237' title='bbox 283 1683 307 1722; x_wconf 87' lang='lat' dir='ltr'>de</span> <span class='ocrx_word' id='word_1_238' title='bbox 322 1685 376 1723; x_wconf 79' lang='lat' dir='ltr'>caede</span> <span class='ocrx_word' id='word_1_239' title='bbox 390 1684 455 1722; x_wconf 78' lang='lat' dir='ltr'>uelde</span> <span class='ocrx_word' id='word_1_240' title='bbox 467 1685 496 1728; x_wconf 78' lang='lat' dir='ltr'>vi3</span> <span class='ocrx_word' id='word_1_241' title='bbox 510 1697 546 1722; x_wconf 85' lang='lat' dir='ltr'>nec</span> <span class='ocrx_word' id='word_1_242' title='bbox 560 1689 636 1721; x_wconf 86' lang='lat' dir='ltr'>tantum</span> <span class='ocrx_word' id='word_1_243' title='bbox 653 1697 753 1723; x_wconf 88' lang='lat' dir='ltr'>maerorem</span> <span class='ocrx_word' id='word_1_244' title='bbox 768 1696 790 1722; x_wconf 85' lang='lat' dir='ltr'>ac</span> 
     </span>
    </p>

    <p class='ocr_par' dir='ltr' id='par_1_8' title="bbox 110 1737 790 2005">
     <span class='ocr_line' id='line_1_31' title="bbox 110 1737 790 1790; baseline 0.001 -16"><span class='ocrx_word' id='word_1_245' title='bbox 110 1745 135 1779; x_wconf 87' lang='lat'>30</span> <span class='ocrx_word' id='word_1_246' title='bbox 145 1737 219 1775; x_wconf 90' lang='lat' dir='ltr'>luctum</span> <span class='ocrx_word' id='word_1_247' title='bbox 228 1738 303 1776; x_wconf 89' lang='lat' dir='ltr'>senatui</span> <span class='ocrx_word' id='word_1_248' title='bbox 318 1751 369 1776; x_wconf 89' lang='lat' dir='ltr'>mors</span> <span class='ocrx_word' id='word_1_249' title='bbox 383 1739 405 1776; x_wconf 91' lang='lat' dir='ltr'>P.</span> <span class='ocrx_word' id='word_1_250' title='bbox 418 1738 479 1776; x_wconf 79' lang='lat' dir='ltr'>Clodii</span> <span class='ocrx_word' id='word_1_251' title='bbox 493 1738 590 1783; x_wconf 84' lang='lat' dir='ltr'>afferebat,</span> <span class='ocrx_word' id='word_1_252' title='bbox 605 1742 628 1775; x_wconf 86' lang='lat' dir='ltr'>ut</span> <span class='ocrx_word' id='word_1_253' title='bbox 644 1751 693 1775; x_wconf 87' lang='lat' dir='ltr'>nova</span> <span class='ocrx_word' id='word_1_254' title='bbox 709 1737 790 1790; x_wconf 84' lang='lat' dir='ltr'>quaestio</span> 
     </span>
     <span class='ocr_line' id='line_1_32' title="bbox 145 1791 790 1844; baseline 0.002 -15"><span class='ocrx_word' id='word_1_255' title='bbox 145 1791 298 1829; x_wconf 86' lang='lat' dir='ltr'>constitueretur.</span> <span class='ocrx_word' id='word_1_256' title='bbox 331 1792 392 1844; x_wconf 85' lang='lat' dir='ltr'>Cujus</span> <span class='ocrx_word' id='word_1_257' title='bbox 402 1793 452 1830; x_wconf 90' lang='lat' dir='ltr'>euim</span> <span class='ocrx_word' id='word_1_258' title='bbox 462 1792 486 1829; x_wconf 91' lang='lat' dir='ltr'>de</span> <span class='ocrx_word' id='word_1_259' title='bbox 496 1791 528 1830; x_wconf 94' lang='lat' dir='ltr'>illo</span> <span class='ocrx_word' id='word_1_260' title='bbox 538 1792 610 1830; x_wconf 85' lang='lat' dir='ltr'>incesto</span> <span class='ocrx_word' id='word_1_261' title='bbox 620 1796 687 1843; x_wconf 87' lang='lat' dir='ltr'>stupro</span> <span class='ocrx_word' id='word_1_262' title='bbox 696 1792 790 1843; x_wconf 87' lang='lat' dir='ltr'>judicium</span> 
     </span>
     <span class='ocr_line' id='line_1_33' title="bbox 145 1845 789 1897; baseline 0.003 -15"><span class='ocrx_word' id='word_1_263' title='bbox 145 1845 260 1883; x_wconf 87' lang='lat' dir='ltr'>decernendi</span> <span class='ocrx_word' id='word_1_264' title='bbox 274 1846 347 1883; x_wconf 86' lang='lat' dir='ltr'>senatui</span> <span class='ocrx_word' id='word_1_265' title='bbox 363 1851 450 1897; x_wconf 86' lang='lat' dir='ltr'>potestas</span> <span class='ocrx_word' id='word_1_266' title='bbox 465 1851 515 1884; x_wconf 88' lang='lat' dir='ltr'>esset</span> <span class='ocrx_word' id='word_1_267' title='bbox 531 1850 602 1897; x_wconf 86' lang='lat' dir='ltr'>erepta,</span> <span class='ocrx_word' id='word_1_268' title='bbox 613 1845 638 1883; x_wconf 90' lang='lat' dir='ltr'>de</span> <span class='ocrx_word' id='word_1_269' title='bbox 648 1846 690 1897; x_wconf 82' lang='lat' dir='ltr'>ejus</span> <span class='ocrx_word' id='word_1_270' title='bbox 706 1846 789 1890; x_wconf 86' lang='lat' dir='ltr'>interitu,</span> 
     </span>
     <span class='ocr_line' id='line_1_34' title="bbox 145 1899 790 1950; baseline 0 -14"><span class='ocrx_word' id='word_1_271' title='bbox 145 1899 187 1949; x_wconf 91' lang='lat' dir='ltr'>quis</span> <span class='ocrx_word' id='word_1_272' title='bbox 197 1903 262 1949; x_wconf 84' lang='lat' dir='ltr'>potest</span> <span class='ocrx_word' id='word_1_273' title='bbox 271 1899 353 1944; x_wconf 86' lang='lat' dir='ltr'>credere,</span> <span class='ocrx_word' id='word_1_274' title='bbox 363 1904 450 1937; x_wconf 88' lang='lat' dir='ltr'>senatum</span> <span class='ocrx_word' id='word_1_275' title='bbox 458 1899 552 1950; x_wconf 83' lang='lat' dir='ltr'>judicium</span> <span class='ocrx_word' id='word_1_276' title='bbox 557 1912 628 1937; x_wconf 78' lang='lat' dir='ltr'>norum</span> <span class='ocrx_word' id='word_1_277' title='bbox 635 1900 790 1938; x_wconf 86' lang='lat' dir='ltr'>constituendum</span> 
     </span>
     <span class='ocr_line' id='line_1_35' title="bbox 145 1952 790 2005; baseline 0.003 -16"><span class='ocrx_word' id='word_1_278' title='bbox 145 1952 239 2003; x_wconf 73' lang='lat' dir='ltr'>putasse?</span> <span class='ocrx_word' id='word_1_279' title='bbox 278 1952 317 1990; x_wconf 82' lang='lat' dir='ltr'>Gur</span> <span class='ocrx_word' id='word_1_280' title='bbox 340 1953 399 2005; x_wconf 80' lang='lat' dir='ltr'>igitur</span> <span class='ocrx_word' id='word_1_281' title='bbox 417 1952 525 1990; x_wconf 90' lang='lat' dir='ltr'>incendium</span> <span class='ocrx_word' id='word_1_282' title='bbox 544 1953 606 1996; x_wconf 83' lang='lat' dir='ltr'>curiae,</span> <span class='ocrx_word' id='word_1_283' title='bbox 626 1954 790 2005; x_wconf 79' lang='lat' dir='ltr'>oppugnationem</span> 
     </span>
    </p>

    <p class='ocr_par' dir='ltr' id='par_1_9' title="bbox 110 2005 790 2271">
     <span class='ocr_line' id='line_1_36' title="bbox 110 2005 790 2058; baseline 0.001 -16"><span class='ocrx_word' id='word_1_284' title='bbox 110 2014 135 2049; x_wconf 87' lang='lat'>35</span> <span class='ocrx_word' id='word_1_285' title='bbox 145 2005 216 2043; x_wconf 83' lang='lat' dir='ltr'>aedinm</span> <span class='ocrx_word' id='word_1_286' title='bbox 225 2005 251 2043; x_wconf 91' lang='lat' dir='ltr'>M.</span> <span class='ocrx_word' id='word_1_287' title='bbox 262 2005 335 2056; x_wconf 86' lang='lat' dir='ltr'>Lepidi,</span> <span class='ocrx_word' id='word_1_288' title='bbox 347 2006 420 2044; x_wconf 86' lang='lat' dir='ltr'>caedem</span> <span class='ocrx_word' id='word_1_289' title='bbox 429 2006 478 2043; x_wconf 88' lang='lat' dir='ltr'>hanc</span> <span class='ocrx_word' id='word_1_290' title='bbox 492 2005 554 2057; x_wconf 82' lang='lat' dir='ltr'>ipsam</span> <span class='ocrx_word' id='word_1_291' title='bbox 564 2010 630 2043; x_wconf 84' lang='lat' dir='ltr'>contra</span> <span class='ocrx_word' id='word_1_292' title='bbox 639 2019 680 2044; x_wconf 90' lang='lat' dir='ltr'>rem</span> <span class='ocrx_word' id='word_1_293' title='bbox 692 2008 790 2058; x_wconf 89' lang='lat' dir='ltr'>publicam</span> 
     </span>
     <span class='ocr_line' id='line_1_37' title="bbox 145 2059 789 2111; baseline 0.002 -15"><span class='ocrx_word' id='word_1_294' title='bbox 145 2066 222 2096; x_wconf 85' lang='lat' dir='ltr'>senatus</span> <span class='ocrx_word' id='word_1_295' title='bbox 236 2059 307 2096; x_wconf 82' lang='lat' dir='ltr'>factam</span> <span class='ocrx_word' id='word_1_296' title='bbox 317 2072 359 2097; x_wconf 87' lang='lat' dir='ltr'>esse</span> <span class='ocrx_word' id='word_1_297' title='bbox 371 2059 472 2097; x_wconf 77' lang='lat' dir='ltr'>decrerit?</span> <span class='ocrx_word' id='word_1_298' title='bbox 501 2059 550 2104; x_wconf 89' lang='lat' dir='ltr'>Quia</span> <span class='ocrx_word' id='word_1_299' title='bbox 564 2059 617 2096; x_wconf 89' lang='lat' dir='ltr'>nulla</span> <span class='ocrx_word' id='word_1_300' title='bbox 626 2060 654 2097; x_wconf 83' lang='lat' dir='ltr'>ris</span> <span class='ocrx_word' id='word_1_301' title='bbox 663 2074 749 2111; x_wconf 87' lang='lat' dir='ltr'>unquam</span> <span class='ocrx_word' id='word_1_302' title='bbox 760 2065 789 2099; x_wconf 87' lang='lat' dir='ltr'>est</span> 
     </span>
     <span class='ocr_line' id='line_1_38' title="bbox 144 2112 788 2166; baseline 0.005 -17"><span class='ocrx_word' id='word_1_303' title='bbox 144 2112 163 2149; x_wconf 93' lang='lat' dir='ltr'>in</span> <span class='ocrx_word' id='word_1_304' title='bbox 173 2113 232 2150; x_wconf 87' lang='lat' dir='ltr'>libera</span> <span class='ocrx_word' id='word_1_305' title='bbox 242 2112 318 2151; x_wconf 70' lang='lat' dir='ltr'>ciuitate</span> <span class='ocrx_word' id='word_1_306' title='bbox 328 2117 418 2164; x_wconf 90' lang='lat' dir='ltr'>suscepta</span> <span class='ocrx_word' id='word_1_307' title='bbox 432 2113 481 2150; x_wconf 88' lang='lat' dir='ltr'>inter</span> <span class='ocrx_word' id='word_1_308' title='bbox 491 2112 541 2150; x_wconf 86' lang='lat' dir='ltr'>cives</span> <span class='ocrx_word' id='word_1_309' title='bbox 552 2126 590 2150; x_wconf 87' lang='lat' dir='ltr'>non</span> <span class='ocrx_word' id='word_1_310' title='bbox 601 2119 667 2151; x_wconf 86' lang='lat' dir='ltr'>contra</span> <span class='ocrx_word' id='word_1_311' title='bbox 675 2127 716 2152; x_wconf 89' lang='lat' dir='ltr'>rem</span> <span class='ocrx_word' id='word_1_312' title='bbox 726 2114 788 2166; x_wconf 88' lang='lat' dir='ltr'>publi-</span> 
     </span>
     <span class='ocr_line' id='line_1_39' title="bbox 144 2166 789 2219; baseline 0.003 -15"><span class='ocrx_word' id='word_1_313' title='bbox 144 2179 192 2204; x_wconf 81' lang='lat' dir='ltr'>cam.</span> <span class='ocrx_word' id='word_1_314' title='bbox 223 2170 253 2204; x_wconf 85' lang='lat'>14.</span> <span class='ocrx_word' id='word_1_315' title='bbox 268 2166 313 2204; x_wconf 87' lang='lat' dir='ltr'>Non</span> <span class='ocrx_word' id='word_1_316' title='bbox 327 2166 377 2204; x_wconf 90' lang='lat' dir='ltr'>euim</span> <span class='ocrx_word' id='word_1_317' title='bbox 387 2172 416 2204; x_wconf 92' lang='lat' dir='ltr'>est</span> <span class='ocrx_word' id='word_1_318' title='bbox 431 2167 463 2204; x_wconf 88' lang='lat' dir='ltr'>illa</span> <span class='ocrx_word' id='word_1_319' title='bbox 478 2166 562 2205; x_wconf 80' lang='lat' dir='ltr'>defensio</span> <span class='ocrx_word' id='word_1_320' title='bbox 576 2172 642 2205; x_wconf 83' lang='lat' dir='ltr'>contra</span> <span class='ocrx_word' id='word_1_321' title='bbox 651 2168 690 2205; x_wconf 86' lang='lat' dir='ltr'>vim</span> <span class='ocrx_word' id='word_1_322' title='bbox 704 2182 789 2219; x_wconf 86' lang='lat' dir='ltr'>unquam</span> 
     </span>
     <span class='ocr_line' id='line_1_40' title="bbox 144 2219 789 2271; baseline 0.002 -14"><span class='ocrx_word' id='word_1_323' title='bbox 144 2219 236 2271; x_wconf 87' lang='lat' dir='ltr'>optanda,</span> <span class='ocrx_word' id='word_1_324' title='bbox 253 2219 288 2257; x_wconf 90' lang='lat' dir='ltr'>sed</span> <span class='ocrx_word' id='word_1_325' title='bbox 304 2233 441 2271; x_wconf 85' lang='lat' dir='ltr'>nonnunquam</span> <span class='ocrx_word' id='word_1_326' title='bbox 455 2225 485 2258; x_wconf 88' lang='lat' dir='ltr'>est</span> <span class='ocrx_word' id='word_1_327' title='bbox 500 2221 610 2259; x_wconf 81' lang='lat' dir='ltr'>necessaria.</span> <span class='ocrx_word' id='word_1_328' title='bbox 640 2221 680 2259; x_wconf 90' lang='lat' dir='ltr'>Nisi</span> <span class='ocrx_word' id='word_1_329' title='bbox 695 2235 740 2260; x_wconf 86' lang='lat' dir='ltr'>vero</span> <span class='ocrx_word' id='word_1_330' title='bbox 755 2225 789 2259; x_wconf 87' lang='lat' dir='ltr'>aut</span> 
     </span>
    </p>

    <p class='ocr_par' dir='ltr' id='par_1_10' title="bbox 108 2273 788 2431">
     <span class='ocr_line' id='line_1_41' title="bbox 108 2273 787 2326; baseline 0.003 -16"><span class='ocrx_word' id='word_1_331' title='bbox 108 2280 134 2315; x_wconf 79' lang='lat'>40</span> <span class='ocrx_word' id='word_1_332' title='bbox 143 2273 174 2311; x_wconf 90' lang='lat' dir='ltr'>ille</span> <span class='ocrx_word' id='word_1_333' title='bbox 185 2274 231 2318; x_wconf 88' lang='lat' dir='ltr'>dies,</span> <span class='ocrx_word' id='word_1_334' title='bbox 242 2286 280 2324; x_wconf 91' lang='lat' dir='ltr'>quo</span> <span class='ocrx_word' id='word_1_335' title='bbox 297 2274 324 2312; x_wconf 84' lang='lat' dir='ltr'>Ti.</span> <span class='ocrx_word' id='word_1_336' title='bbox 340 2274 439 2311; x_wconf 77' lang='lat' dir='ltr'>Gracchus</span> <span class='ocrx_word' id='word_1_337' title='bbox 453 2278 482 2311; x_wconf 85' lang='lat' dir='ltr'>est</span> <span class='ocrx_word' id='word_1_338' title='bbox 496 2287 565 2318; x_wconf 84' lang='lat' dir='ltr'>caesus,</span> <span class='ocrx_word' id='word_1_339' title='bbox 575 2280 609 2312; x_wconf 84' lang='lat' dir='ltr'>aut</span> <span class='ocrx_word' id='word_1_340' title='bbox 623 2275 660 2319; x_wconf 93' lang='lat' dir='ltr'>ille,</span> <span class='ocrx_word' id='word_1_341' title='bbox 671 2288 709 2326; x_wconf 91' lang='lat' dir='ltr'>quo</span> <span class='ocrx_word' id='word_1_342' title='bbox 724 2275 787 2319; x_wconf 79' lang='lat' dir='ltr'>Gaius,</span> 
     </span>
     <span class='ocr_line' id='line_1_42' title="bbox 143 2327 788 2381; baseline 0.003 -17"><span class='ocrx_word' id='word_1_343' title='bbox 143 2332 177 2365; x_wconf 87' lang='lat' dir='ltr'>aut</span> <span class='ocrx_word' id='word_1_344' title='bbox 186 2339 239 2364; x_wconf 81' lang='lat' dir='ltr'>arma</span> <span class='ocrx_word' id='word_1_345' title='bbox 249 2327 347 2365; x_wconf 82' lang='lat' dir='ltr'>Saturnini</span> <span class='ocrx_word' id='word_1_346' title='bbox 356 2340 399 2372; x_wconf 90' lang='lat' dir='ltr'>non,</span> <span class='ocrx_word' id='word_1_347' title='bbox 411 2327 484 2365; x_wconf 75' lang='lat' dir='ltr'>etiamsi</span> <span class='ocrx_word' id='word_1_348' title='bbox 497 2340 537 2365; x_wconf 91' lang='lat' dir='ltr'>ere</span> <span class='ocrx_word' id='word_1_349' title='bbox 546 2328 625 2379; x_wconf 87' lang='lat' dir='ltr'>publica</span> <span class='ocrx_word' id='word_1_350' title='bbox 635 2341 728 2381; x_wconf 89' lang='lat' dir='ltr'>oppressa</span> <span class='ocrx_word' id='word_1_351' title='bbox 738 2333 788 2373; x_wconf 89' lang='lat' dir='ltr'>sunt,</span> 
     </span>
     <span class='ocr_line' id='line_1_43' title="bbox 142 2380 502 2431; baseline -0.003 -13"><span class='ocrx_word' id='word_1_352' title='bbox 142 2393 183 2418; x_wconf 89' lang='lat' dir='ltr'>rem</span> <span class='ocrx_word' id='word_1_353' title='bbox 193 2380 290 2431; x_wconf 85' lang='lat' dir='ltr'>publicam</span> <span class='ocrx_word' id='word_1_354' title='bbox 300 2387 364 2419; x_wconf 86' lang='lat' dir='ltr'>tamen</span> <span class='ocrx_word' id='word_1_355' title='bbox 373 2381 502 2418; x_wconf 78' lang='lat' dir='ltr'>mrlnerarnnt.</span> 
     </span>
    </p>

    <p class='ocr_par' dir='ltr' id='par_1_11' title="bbox 142 2434 789 2540">
     <span class='ocr_line' id='line_1_44' title="bbox 170 2434 789 2488; baseline 0.003 -16"><span class='ocrx_word' id='word_1_356' title='bbox 170 2434 205 2472; x_wconf 84' lang='lat' dir='ltr'>VI.</span> <span class='ocrx_word' id='word_1_357' title='bbox 226 2434 295 2485; x_wconf 87' lang='lat' dir='ltr'>ltaque</span> <span class='ocrx_word' id='word_1_358' title='bbox 312 2448 348 2487; x_wconf 82' lang='lat' dir='ltr'>ego</span> <span class='ocrx_word' id='word_1_359' title='bbox 364 2435 405 2486; x_wconf 94' lang='lat' dir='ltr'>ipse</span> <span class='ocrx_word' id='word_1_360' title='bbox 422 2434 504 2478; x_wconf 86' lang='lat' dir='ltr'>decrevi,</span> <span class='ocrx_word' id='word_1_361' title='bbox 521 2448 580 2486; x_wconf 91' lang='lat' dir='ltr'>quum</span> <span class='ocrx_word' id='word_1_362' title='bbox 597 2435 671 2474; x_wconf 83' lang='lat' dir='ltr'>oaedem</span> <span class='ocrx_word' id='word_1_363' title='bbox 686 2435 706 2474; x_wconf 87' lang='lat' dir='ltr'>iu</span> <span class='ocrx_word' id='word_1_364' title='bbox 722 2436 789 2488; x_wconf 80' lang='lat' dir='ltr'>Appia</span> 
     </span>
     <span class='ocr_line' id='line_1_45' title="bbox 142 2488 789 2540; baseline 0.002 -13"><span class='ocrx_word' id='word_1_365' title='bbox 142 2488 214 2527; x_wconf 83' lang='lat' dir='ltr'>factam</span> <span class='ocrx_word' id='word_1_366' title='bbox 228 2500 270 2526; x_wconf 89' lang='lat' dir='ltr'>esse</span> <span class='ocrx_word' id='word_1_367' title='bbox 284 2494 386 2533; x_wconf 86' lang='lat' dir='ltr'>constaret,</span> <span class='ocrx_word' id='word_1_368' title='bbox 397 2501 435 2526; x_wconf 87' lang='lat' dir='ltr'>non</span> <span class='ocrx_word' id='word_1_369' title='bbox 444 2501 495 2533; x_wconf 88' lang='lat' dir='ltr'>eum,</span> <span class='ocrx_word' id='word_1_370' title='bbox 506 2489 538 2540; x_wconf 90' lang='lat' dir='ltr'>qui</span> <span class='ocrx_word' id='word_1_371' title='bbox 553 2502 574 2527; x_wconf 91' lang='lat' dir='ltr'>se</span> <span class='ocrx_word' id='word_1_372' title='bbox 587 2489 710 2535; x_wconf 85' lang='lat' dir='ltr'>defendisset,</span> <span class='ocrx_word' id='word_1_373' title='bbox 722 2495 789 2528; x_wconf 84' lang='lat' dir='ltr'>eontra</span> 
     </span>
    </p>
   </div>
   <div class='ocr_carea' id='block_1_3' title="bbox 0 0 874 2673">
    <p class='ocr_par' dir='ltr' id='par_1_12' title="bbox 0 0 874 2673">
     <span class='ocr_line' id='line_1_46' title="bbox 0 0 874 2673; baseline 0 1"><span class='ocrx_word' id='word_1_374' title='bbox 0 0 874 2673; x_wconf 95' lang='lat' dir='ltr'> </span> 
     </span>
    </p>
   </div>
  </div>
 </body>
</html>
