1738 2673
110 90 150 128 128
433 102 506 130 οιιιιιο

144 188 266 236 videbantur,
277 189 313 229 etsi
323 191 442 242 aequabiliter
451 192 470 229 in
479 205 520 229 rem
531 190 649 242 publicam,‘
644 205 663 229 ιιι
673 191 735 243 privat
736 203 763 236 os,
773 189 792 228 in

144 241 279 304 longinquos,'
275 258 294 283 ιιι
304 244 427 304 propinquos,
437 245 456 282 in
466 244 558 288 alienos,'
554 258 573 282 ιιι
587 258 632 283 suos
647 245 743 288 irruebat;
758 243 793 282 sed

144 297 208 335 nescio
218 297 331 358 quomodo
324 311 365 349 Jam
372 311 409 335 usu
418 297 564 336 obduruerat
544 299 701 359 etperealluerat
711 297 792 337 civitatis

144 349 259 390 incredibilis
269 351 366 403 patientia.
396 351 444 395 Quae
454 364 500 389 vero
514 351 617 389 aderant
610 364 651 412 Jam
661 357 680 390 et
694 351 791 403 impende-

122 407 134 443 5
144 403 196 448 bant,
207 418 291 455 quonam
305 404 363 442 modo
373 416 396 441 ea
405 409 439 441 aut
453 404 550 465 depellere
561 405 672 455 potuissetis
682 410 715 442 aut
724 404 791 442 ferre?

143 457 250 508 Imperium
259 457 312 496 ille'
298 470 314 494 si
323 462 391 495 nactus
399 462 455 502 esset,
463 458 531 495 omitto
538 457 605 502 socios,
615 463 689 496 exteras
698 457 790 503 nationes,

143 522 205 563 reges,
216 516 244 549 tet
237 511 335 555 trarehas;
350 515 395 548 vota
408 511 458 549 enim
472 510 550 549 faceret
538 515 599 555 trs,ut
612 511 631 550 in
641 524 674 550 eos
691 524 712 549 se
726 511 790 564 potius

142 543 254 602 immitteret
267 576 326 615 quam
342 564 362 602 in
373 569 415 602 vest
416 577 447 602 ras
462 564 597 615 possessiones,
612 570 677 603 vestra
690 569 747 609 teeta,
758 577 789 602 ve-

142 622 192 655 stras
206 618 309 668 peounias;
324 618 415 678 pecunias
429 618 488 656 dioo‘?
503 630 515 655 a
528 618 598 663 liberis,
608 619 682 657 medius
698 619 759 657 fidius
770 622 789 655 et

108 675 154 710 loa
169 671 283 723 conjugibus
293 672 361 709 vestris
375 684 473 722 nunquam
489 672 520 710 ille
530 672 632 710 effrenatas
646 685 690 710 suas
702 671 789 711 libidines

143 724 266 763 cohibuisset.
295 725 352 777 Fingi
361 725 405 762 haeo
413 726 491 776 putatis,
500 738 544 776 quae
553 730 626 775 putent,
637 739 680 776 quae
690 730 736 763 nota
745 730 790 763 sunt

143 778 237 822 omnibus
248 791 292 829 quae
304 779 408 816 tenentur?
423 791 522 816 seruorum
533 779 626 816 exereitus
642 780 695 816 illum
709 779 727 816 in
741 778 789 815 urbe

143 832 296 883 conscripturum
305 831 370 876 fuisse,
381 844 416 882 per·
425 845 473 882 quos
488 836 548 869 totam
562 845 602 871 rem
614 833 711 883 publicam
720 844 789 882 resque

142 884 227 935 privatas
238 885 322 923 omnium
334 885 456 935 possideret?
478 886 509 924 77.
521 885 656 930 Quamobrem,
663 886 679 923 si
688 892 788 923 cruentum

108 944 132 979 15
142 938 228 990 gladium
242 943 309 976 tenens
322 939 413 976 clamaret
423 939 443 977 Τ,
454 939 541 977 Annius:
563 943 574 960 ‘¹
581 939 662 983 Adeste,
673 952 744 990 quaeso,
760 943 788 975 at-

142 1004 180 1042 que
189 992 260 1036 audite,
271 993 332 1036 oives;
348 992 370 1029 P.
382 992 471 1029 Clodium
480 992 577 1036 interfeci3
592 992 634 1043 ejus
648 993 728 1036 furores,
740 1005 788 1042 quos

141 1045 198 1083 nullis
214 1045 255 1096 J'am
271 1045 352 1096 legibus,
363 1045 419 1083 nullis
435 1046 511 1097 judiciis
528 1045 603 1083 frenare
618 1051 734 1097 poteramus,
751 1046 788 1083 hoe

141 1099 192 1137 ferro
203 1107 222 1137 et
231 1100 268 1137 hac
279 1100 358 1137 dextera
369 1111 380 1135 ιι
393 1099 497 1137 cervicibus
507 1099 575 1136 uestris
589 1100 671 1151 reppuli,
682 1113 717 1151 per
726 1112 756 1137 me
766 1103 789 1136 ut

142 1165 203 1190 unum
212 1153 249 1204 J'us,
261 1152 346 1204 aequitus,
356 1153 415 1204 leges,
430 1153 515 1197 libertas,
526 1153 594 1203 pudor,
605 1153 696 1203 pudicitia
711 1154 730 1191 in
744 1153 788 1191 eivi-

108 1211 133 1246 20
143 1211 183 1243 tate
200 1205 317 1250 mune1·ent,'’
335 1212 385 1243 esset
401 1219 446 1244 vero
463 1206 575 1250 timendum,
595 1219 679 1257 quonam
693 1206 751 1245 modo
768 1206 788 1244 id

142 1259 201 1297 ferret
215 1259 291 1297 cultas!
320 1259 377 1297 Nune
392 1260 441 1297 euim
456 1260 497 1311 quis
508 1266 542 1304 est,
553 1260 586 1310 qui
602 1274 639 1298 non
657 1260 741 1311 probet?
756 1260 796 1311 qui*

142 1326 181 1351 non
194 1313 277 1351 laudet‘.l
298 1313 330 1364 qui
346 1326 383 1351 non
398 1327 457 1351 unum
474 1320 518 1365 post
534 1314 632 1351 hominum
641 1315 751 1353 memoriam
766 1314 787 1352 Τ.

142 1367 229 1405 Αιιιιιιιιιι
244 1367 348 1418 plurimum
363 1367 391 1404 rei
407 1367 490 1418 publieae
507 1367 606 1418 profuisse,
622 1369 705 1405 maxima
722 1367 788 1406 letitia

143 1421 236 1471 populum
247 1420 361 1463 Romanum,
372 1426 461 1457 cunctum
475 1421 556 1464 ltulinm,
567 1421 652 1458 nationes
666 1434 731 1458 omnes
741 1422 787 1458 affe-

107 1480 132 1515 25
143 1473 191 1511 cisse
207 1479 227 1512 et
244 1473 295 1511 dieat
310 1479 329 1511 et
346 1473 430 1511 sentiat?
458 1473 502 1511 Non
519 1487 575 1524 queo,
591 1480 656 1512 vetera
672 1475 704 1512 illu
720 1474 787 1526 populi

142 1527 225 1565 Romani
232 1527 303 1580 gaudia
312 1535 384 1578 quauta
394 1527 470 1571 fuerint,
479 1527 571 1578 judicare.
593 1528 665 1566 Multas
674 1534 739 1566 tamen
747 1528 788 1579 jam

143 1594 262 1618 summorum
277 1582 415 1632 imperatorum
432 1581 545 1618 clarissimas
555 1581 642 1619 lictorius
659 1588 706 1619 aetas
723 1589 788 1619 nostra

142 1634 194 1679 vidit,
206 1647 288 1686 quarum
303 1634 355 1672 nulla
368 1647 430 1685 neque
444 1639 484 1671 tam
499 1634 608 1673 diuturnam
623 1640 651 1672 att
652 1635 748 1673 ulitlaeit
709 1635 787 1673 aertiam

142 1701 177 1726 neo
185 1694 264 1727 ttanam
294 1689 324 1727 78.
340 1688 432 1726 blandite
446 1688 483 1726 hoe
497 1689 599 1734 memoiiae,
616 1689 696 1740 J'udioes.
725 1689 787 1740 Spero

107 1749 132 1783 30
141 1743 203 1780 multa
210 1755 244 1780 vos
254 1742 362 1803 liberosque
370 1748 443 1780 vestros
454 1742 472 1779 in
482 1743 587 1803 republica
597 1744 647 1781 bona
654 1755 696 1781 esse
703 1743 786 1787 uisnros;

141 1796 160 1834 in
170 1796 191 1834 iis
201 1796 280 1848 singulis
295 1796 321 1833 ita
336 1809 412 1846 semper
421 1796 469 1833 exist
462 1796 580 1840 timebitis,
569 1797 612 1834 ιιιο
626 1797 648 1834 P.
664 1797 731 1835 Clodio
741 1797 786 1834 nilril

142 1863 208 1887 eorum
218 1863 252 1887 vos
262 1850 336 1887 risuros
350 1849 414 1886 fuisse.
443 1850 466 1886 ln
476 1862 531 1900 spem
545 1850 648 1887 maximam
659 1855 683 1894 et,
695 1850 786 1910 quemad-

141 1898 222 1940 modum
237 1916 271 1940 eor
266 1902 317 1947 fido,
334 1902 451 1940 rorissimam
468 1916 533 1940 sumus
550 1903 635 1947 adducti,
655 1904 727 1941 hune
723 1917 786 1954 ipsum

142 1969 218 2001 annum,
229 1957 284 1994 hoo
279 1969 321 2007 ipso
334 1969 409 1993 summo
424 1956 463 1994 viro
474 1956 557 2001 consule,
568 1970 678 2007 compressu
688 1957 786 1995 hominum

107 2018 132 2053 35
142 2010 224 2054 lieentia,
235 2009 372 2061 cupiditatibus
382 2009 453 2053 fractis,
469 2010 543 2061 legibus
554 2016 573 2047 et
586 2010 662 2060 judiciis
672 2011 785 2055 constitutis,

142 2064 246 2102 salutarem
259 2062 330 2101 civitati
344 2063 390 2100 iore.
419 2062 471 2100 Num
486 2062 527 2114 quis
541 2068 570 2101 est
584 2063 641 2115 igitur
651 2069 690 2102 tum
701 2064 786 2109 demens,

142 2118 175 2169 qui
191 2118 234 2163 hoe,
250 2117 273 2155 P.
292 2116 359 2154 Clodio
376 2116 424 2160 vivo,
440 2117 549 2170 contingere
566 2117 651 2168 potuisse
668 2118 786 2157 arbitretur?

142 2172 207 2218 Quid?
230 2184 258 2216 ea,
275 2183 319 2223 quae
335 2170 409 2215 tenetis,
427 2170 501 2221 privata
517 2177 575 2221 atque
591 2178 660 2216 vestra,
677 2172 786 2210 dominante

141 2226 217 2264 homine
226 2225 304 2269 furioso,
315 2223 368 2275 quod
381 2224 414 2275 J'us
423 2229 523 2276 perpetuae
534 2225 658 2275 possessionis
671 2225 742 2263 habere
752 2239 786 2276 po-

106 2286 131 2322 40
141 2279 237 2318 tuissent?

167 2333 239 2371 XXIX.
255 2333 300 2370 Non
306 2332 369 2375 timeo,
379 2331 460 2383 judiees,
467 2344 491 2369 ne
500 2331 544 2369 odio
551 2344 637 2369 mearum
647 2332 785 2370 inimicitiarum

140 2387 269 2425 inflammatus
284 2386 373 2424 libentius
389 2385 431 2422 haee
448 2385 466 2422 in
483 2385 536 2422 illum
552 2398 639 2423 evomere
649 2386 714 2424 videar
728 2398 786 2436 quam

140 2441 209 2479 verius.
238 2439 314 2478 Etenim
332 2439 367 2476 etsi
384 2438 505 2490 praeoipuum
521 2451 563 2476 esse
577 2439 666 2484 debebat,
681 2446 743 2477 tamen
760 2439 786 2476 ita

141 2494 247 2535 eommunis
257 2497 298 2532 erat
308 2492 392 2531 omnium
402 2491 434 2531 ille
443 2492 509 2539 hostis,
516 2497 538 2530 ut
547 2492 566 2530 in
573 2493 669 2531 communi
678 2493 722 2532 odio
731 2504 787 2544 paene
