1738 2673
142 103 181 140 102
463 111 534 139 cuano

176 205 222 239 sunt
231 214 293 253 neque
304 206 383 239 aetatum
393 201 477 239 omnium
487 214 549 252 neque
558 200 656 245 locorum;
672 203 693 237 at
701 200 745 238 haec
755 199 818 237 studia

176 255 325 294 adolescentium
341 261 418 300 acuunt,
429 261 546 293 senectutem
561 255 664 298 oblectant,
679 253 773 292 secundas
788 266 817 291 res

176 315 250 353 ornant,
261 309 345 347 adversis
356 309 466 360 perfugium
476 321 498 346 ac
508 308 597 345 solatium
608 309 695 359 praebent
701 321 705 352 3
721 307 818 345 delectant

176 363 233 408 domi,
244 376 282 401 non
295 363 402 414 irupcdiunt
415 362 465 406 t'oris,
481 367 594 413 pernoctant
610 361 715 405 nobiscum,
733 361 817 412 peregri-

154 423 165 457 5
175 424 250 461 nentur,
260 417 381 454 rusticantur.

204 472 233 508 17.
249 470 305 515 Quod
314 471 329 507 si
336 469 372 520 ipsi
382 469 425 507 hrec
435 481 497 520 neque
507 468 602 520 attingere
613 481 675 520 neque
685 481 743 506 sensu
752 471 817 506 nostro

174 529 253 574 gustare
263 536 369 575 possemus,
378 528 443 560 tamen
453 536 475 560 eu
485 523 548 560 mirari
558 522 678 567 deberemus,
689 522 747 560 etiam
757 535 817 572 quum

174 577 193 613 in
202 576 242 614 aliis
252 577 366 615 uideremus

200 630 258 667 VIII.
274 631 321 676 Quis
335 636 421 669 nost-rum
435 636 477 669 tam
487 630 550 668 auimo
562 629 634 681 agresti
643 643 665 667 ac
680 629 728 667 duro
742 629 784 673 fuit,
794 633 817 667 ut

139 690 164 724 10
173 684 237 721 Roscii
253 690 315 722 morte
325 698 387 736 nuper
404 699 442 723 uon
456 684 625 722 conuuoveretnr?
640 684 673 734 qui
689 697 749 734 quum
766 687 817 720 essct

173 750 232 775 senex
240 744 334 783 mortuus,
344 744 410 777 tamen
424 744 503 790 propter
513 737 637 775 excellentem
650 743 711 775 artem
726 750 748 775 ac
758 749 816 774 renu-

173 796 244 829 statem
261 792 362 830 ridebatur
376 794 452 830 omnino
469 792 517 829 mori
533 804 571 829 non
588 791 682 829 debuisse.
716 790 769 842 Ergo
785 790 816 828 ille

173 845 258 896 corporis
277 851 332 883 nrotu
351 851 427 883 tantum
445 857 530 883 amorem
549 845 585 883 sibi
604 845 713 882 conciliarat
731 857 742 881 a
761 845 816 882 nobis

173 898 273 937 omnibus:
288 900 324 936 hos
334 900 440 937 animorum
454 899 573 937 incredibiles
583 903 647 936 motus
661 898 816 948 celeritatemque

138 957 163 992 15
173 951 292 1004 ingeniorum
307 953 445 1005 negligemus?
475 957 505 990 18,
521 952 600 997 Quoties
610 964 647 1003 ego
661 952 713 990 hunc
723 952 816 989 Archiam

172 1005 216 1050 ridi,
226 1006 307 1057 judices,
319 1006 371 1059 (utar
381 1007 431 1045 enim
440 1012 505 1044 uestra
518 1006 643 1057 benignitate,
654 1006 743 1056 quoniam
753 1019 784 1043 me
797 1006 816 1043 in

172 1059 209 1097 hoc
218 1073 268 1103 noro
282 1073 352 1112 genere
363 1060 438 1099 dicendi
451 1065 492 1097 tam
506 1060 608 1112 diligenter
617 1058 730 1111 attenditis)
741 1060 815 1110 quoties

172 1125 210 1164 ego
224 1113 275 1151 hunc
285 1114 328 1158 ridi,
344 1127 404 1165 quum
418 1115 492 1152 literam
506 1113 613 1164 scripsisset
629 1113 706 1158 nullam,
722 1126 815 1165 magnum

172 1179 273 1205 numerum
283 1167 400 1218 optimorum
409 1180 499 1205 versuum
514 1167 538 1204 de
552 1167 573 1204 iis
588 1167 633 1217 ipsis
645 1168 707 1211 rebus,
719 1180 762 1218 quae
773 1172 814 1205 tum

137 1224 163 1258 20
172 1221 281 1271 agerentur,
293 1221 355 1259 dicere
370 1234 394 1259 er
408 1220 505 1272 tempore!
520 1220 594 1271 quoties
609 1225 720 1258 revocatum
734 1221 815 1258 eandem

172 1286 213 1311 rem
223 1274 286 1312 dicere
297 1275 419 1313 commutatis
429 1275 491 1313 verbis
506 1280 564 1325 atque
573 1274 682 1312 sententiis!
710 1274 759 1319 Quae
769 1287 815 1313 uero

172 1332 262 1365 accurate
277 1328 399 1380 cogitateque
413 1328 526 1379 scripsisset,
537 1340 560 1365 ea
569 1328 596 1365 sic
605 1327 644 1365 uidi
660 1328 775 1379 probarint
789 1328 815 1366 od

171 1386 260 1419 veterum
276 1382 391 1433 scriptorum
407 1382 486 1420 laudem
503 1382 629 1432 pervenirent.
657 1381 715 1419 Hunc
729 1395 766 1433 ego
776 1395 815 1420 non

172 1433 267 1486 diligam?
288 1448 327 1473 non
343 1436 440 1473 admirer?
460 1448 499 1473 nou
515 1434 566 1472 omni
581 1435 654 1472 ratione
671 1434 814 1473 defendendum

137 1488 256 1539 reputem?
284 1489 351 1540 Atque
365 1489 391 1527 sic
405 1502 417 1527 a
430 1489 508 1527 summis
522 1488 631 1526 homirnbus
645 1488 814 1540 eruditissimisque

171 1542 286 1592 accepimus,
295 1548 402 1580 ceterarum
412 1556 477 1581 rerum
485 1542 548 1580 studia
558 1547 578 1580 et
588 1542 673 1580 doctrina
683 1548 703 1580 et
712 1544 814 1594 praeceptis

171 1599 191 1632 et
200 1600 241 1633 arte
251 1601 343 1641 constare,
353 1601 430 1647 poetam
437 1601 506 1634 natura
514 1596 557 1647 ipsa
564 1596 628 1633 valere
638 1600 657 1633 et
666 1596 735 1634 mentis
742 1597 814 1634 uiribus

171 1649 248 1686 excita-ri
263 1654 282 1687 et
296 1649 350 1700 quasi
364 1649 427 1687 diuino
437 1650 521 1701 quodam
531 1650 600 1701 spiritu
610 1649 676 1687 inflari.
705 1650 768 1695 Quare
779 1663 814 1688 suo

169 1702 213 1753 jure
222 1707 287 1740 noster
300 1703 332 1741 illc
341 1703 414 1741 Ennius
424 1708 500 1741 sanctos
510 1703 597 1754 appellat
611 1708 684 1754 poetas,
695 1704 748 1755 quod
759 1704 814 1755 quasi

136 1758 161 1793 30
171 1755 251 1794 deorum
261 1757 325 1808 aliquo
339 1756 390 1795 dono
400 1762 458 1808 atquc
472 1769 550 1795 munere
561 1757 690 1794 commendati
703 1758 757 1795 nobis
772 1770 814 1795 esse

170 1809 276 1848 rideantur.
315 1814 345 1848 19.
368 1810 397 1848 Sit
415 1811 479 1862 igitur,
495 1810 576 1861 judices,
594 1816 682 1848 sanctum
700 1811 753 1861 apud
772 1823 812 1856 vos,

169 1863 316 1901 humanissimos
330 1864 422 1909 homines,
433 1865 470 1902 hoc
485 1870 548 1915 poetae
561 1877 636 1907 nomeu,
647 1864 700 1915 quod
713 1864 813 1902 1161161111-

170 1929 228 1966 quam
243 1917 330 1955 barbaria
343 1918 425 1955 violavit.
455 1917 506 1955 Saxa
520 1921 540 1954 61
553 1918 665 1955 solitudines
679 1918 719 1956 roci
734 1931 812 1969 respon-

171 1969 229 2014 dent,
244 1970 311 2007 bestiae
320 1983 373 2021 saepe
386 1972 479 2008 immanes
495 1974 553 2007 cantu
566 1971 669 2008 flectuntur
683 1977 742 2022 etque
752 1972 812 2009 consi-

135 2026 160 2060 35
171 2027 236 2060 stunt:
251 2036 286 2061 nos
299 2023 381 2061 instituti
394 2025 452 2062 rebus
462 2023 538 2074 optimis
548 2036 586 2061 non
600 2029 701 2075 poetarum
714 2037 762 2063 voce
771 2038 812 2063 mo-

169 2077 264 2114 veamur?
293 2076 400 2114 Homerum
417 2077 531 2127 Colophonii
544 2077 605 2114 civem
619 2090 660 2115 esse
674 2078 739 2116 dicunt
748 2091 811 2122 suum,

170 2129 214 2166 Chii
230 2143 287 2167 suum
302 2129 405 2174 vindicant,
423 2130 521 2168 Salaminii
539 2135 635 2181 repetunt,
653 2130 748 2182 Smyrnaei
765 2144 811 2169 vero

169 2195 227 2220 suum
246 2195 287 2221 esse
304 2183 429 2228 confirmant;
452 2184 517 2234 itaque
534 2185 591 2222 etiam
610 2184 713 2222 delubrum
732 2186 774 2236 ejus
792 2185 812 2222 111

169 2236 241 2288 oppido
252 2236 400 2274 dedicaverunt:
415 2237 506 2288 permulti
515 2237 546 2275 alii
559 2243 655 2289 praeterea
664 2243 754 2290 pugnant
762 2239 812 2276 inter

133 2294 159 2329 40
169 2302 189 2327 se
199 2295 257 2341 atque
267 2290 391 2328 contendunt,

195 2344 229 2381 IX.
251 2343 304 2395 Ergo
320 2344 347 2382 illi
364 2343 452 2388 alienum,
469 2344 514 2395 quia
532 2350 590 2395 poete
608 2344 650 2389 fuit,
667 2350 713 2396 post
728 2349 811 2383 mortem

168 2396 226 2433 etiam
234 2402 337 2448 expetunt:
352 2409 387 2434 nos
397 2397 448 2434 hunc
455 2397 525 2441 vivum,
534 2398 566 2448 qui
576 2403 595 2435 61
602 2398 701 2436 voluntate
709 2402 728 2435 61
735 2398 809 2449 legibus

167 2456 232 2488 noster
251 2454 286 2494 est,
305 2450 464 2501 repudiabimus?
485 2451 592 2501 praesertim
611 2464 671 2502 quum
690 2463 746 2488 omne
765 2450 809 2488 olim

167 2503 253 2542 studium
263 2508 321 2555 atque
331 2515 387 2542 omne
396 2503 494 2555 ingenium
504 2505 606 2542 contulerit
614 2505 698 2543 Archias
708 2503 733 2542 ad
742 2502 810 2555 populi
