1738 2673
156 93 181 130 18
285 128 286 131 ,
377 100 450 127 enimc
464 101 477 127 1.
492 101 514 126 in
528 99 643 127 cammunti.

188 191 246 239 pecto
256 187 341 226 omnium
351 189 445 227 scelerum
454 202 477 228 ac
486 189 555 227 veteris
564 189 633 227 furoris
643 193 662 228 et
676 188 761 227 audacie
770 190 832 226 matu-

188 241 234 279 ritas
248 242 267 280 in
276 242 336 280 nostri
345 242 455 280 consulatus
465 246 543 294 tempus
553 243 621 294 erupit.
650 242 707 288 Quod
717 242 733 280 si
745 256 769 281 ex
779 245 831 280 tauto

188 295 287 334 latrocinio
303 296 339 334 istc
354 309 403 334 unus
420 297 503 342 tolletur,
518 296 625 334 ridebimur
640 297 721 334 fortasse
735 296 760 334 ad
774 296 830 334 breve

188 349 286 399 quoddam
299 355 376 401 tempus
384 362 429 388 cura
439 354 458 388 ct
465 356 519 388 metu
528 363 569 388 csse
579 349 667 387 relevati:
683 350 789 401 periculum
799 360 829 385 au-

170 407 228 443 5tem
238 403 329 441 residebit
338 409 357 440 et
367 403 402 440 erit
417 403 511 442 inclusum
521 403 597 454 penitus
611 403 630 440 in
640 403 692 440 venis
706 407 764 453 atque
776 402 795 440 in
804 400 829 438 vi-

189 455 274 494 sceribus
283 455 311 493 rci
323 455 412 508 publicae.
440 456 468 494 Ut
478 469 530 507 saepe
543 456 629 494 homines
640 456 685 508 aegri
695 457 762 493 morbo
772 453 830 507 gravi,

189 521 249 559 quum
259 514 308 547 aestu
324 509 409 561 febrique
424 509 529 561 jactantur,
539 509 555 547 si
566 521 636 560 aquam
649 508 733 560 gelidam
743 507 829 551 biberint,

188 562 250 614 primo
260 562 339 601 relevari
349 562 442 607 videntur,
456 563 525 601 deinde
534 563 595 601 multo
605 563 682 614 grauius
691 561 830 599 vehementius-

188 628 226 666 que
235 616 356 659 afflictantur,
367 616 393 654 sic
409 616 439 654 hic
448 617 533 661 morbus
543 616 576 667 qui
586 621 615 655 est
629 615 677 654 inre
692 615 774 667 publica,
783 614 831 653 rele-

156 673 244 710 levans
260 669 315 707 istius
331 682 390 720 poena
406 669 537 708 vehementius
551 669 597 707 vivis
614 669 691 720 reliquis
706 668 830 720 ingravescet.

189 726 220 760 32.
236 722 299 767 Quare
309 722 400 761 secedant
413 723 501 774 improbi,
512 727 613 761 secernant
622 734 642 760 se
652 735 664 760 a
673 722 733 767 bonis,
743 734 803 759 unum
813 720 832 758 in

187 774 252 812 locum
262 780 408 827 congregentur,
418 788 474 813 muro
484 776 571 826 denique,
581 776 601 813 id
611 776 663 827 quod
675 788 727 827 saepe
735 776 776 827 jam
786 773 831 818 dini,

188 833 311 866 secernantur·
327 840 338 865 a
352 828 412 872 nobis,
425 828 512 866 desinant
528 829 612 866 insidiari
627 829 679 867 domi
696 841 736 866 suae
752 827 831 872 consuli,

188 880 313 919 circumstare
325 881 409 920 tribunal
423 881 509 932 praetoris
522 882 595 926 urbani,
606 881 693 920 obsidere
703 894 747 919 cnm
763 880 832 933 gladiis

156 941 180 976 15
188 935 266 978 curiam,
276 935 374 972 malleolos
384 939 404 972 et
417 935 469 973 faces
479 934 504 972 ad
513 934 668 972 inflammandam
678 935 746 972 urbem
755 946 831 985 compa-

186 1000 239 1032 rare;
255 988 279 1025 sit
288 988 370 1038 denique
379 987 492 1038 inscriptum
505 988 524 1025 in
537 987 600 1025 fronte
609 988 666 1025 unius
676 987 775 1037 cujusque,
785 986 832 1037 quid

187 1041 212 1079 de
221 1054 242 1079 re
251 1041 329 1092 publica
338 1041 413 1079 sentiat.
428 1040 523 1079 Polliceor
529 1041 584 1079 vobis
594 1041 637 1087 hoc,
644 1040 713 1079 Patres
723 1039 831 1092 conscripti,

187 1099 261 1132 tautam
269 1095 288 1132 in
297 1095 352 1132 nobis
362 1094 470 1133 consulibus
480 1095 521 1133 fore
530 1094 654 1146 diligentiam,
664 1098 738 1132 tantam
749 1094 769 1131 in
778 1093 833 1133 vobis

188 1148 326 1191 auctoritatem,
333 1152 406 1185 tantam
415 1148 435 1185 in
445 1147 540 1197 equitibus
550 1148 641 1185 Romanis
651 1148 747 1190 virtutem,
757 1151 833 1184 tantam

156 1209 181 1245 20
188 1201 207 1240 iu
225 1201 314 1240 omnibus
332 1201 386 1240 bonis
405 1201 552 1246 consensionem,
570 1205 592 1239 ut
612 1201 699 1239 Catilinae
715 1200 833 1252 profectione

189 1256 252 1294 omnia
261 1256 359 1306 patefacta
368 1255 468 1299 illustrata,
479 1268 571 1306 oppressa
580 1255 676 1294 vindicata
686 1267 727 1293 esse
736 1254 823 1293 rideatis.

216 1313 247 1347 33.
263 1309 322 1347 Hisce
339 1308 438 1353 ominibus,
457 1308 543 1353 Catilina,
560 1322 604 1347 cum
618 1321 693 1347 summa
706 1308 734 1346 rei
749 1308 833 1359 publiea

188 1363 249 1401 salute
259 1367 279 1401 et
295 1376 340 1401 cum
354 1367 388 1401 tua
397 1367 452 1415 peste
462 1374 484 1400 ac
502 1362 584 1414 pernicie
594 1376 676 1414 cumque
690 1375 757 1401 eorum
767 1362 832 1407 en'tio,

188 1416 221 1467 qui
235 1428 255 1453 se
265 1420 330 1454 tecum
339 1417 390 1454 omni
404 1417 476 1453 scelere
485 1417 624 1467 parricidioque
635 1417 746 1467 junxerunt,
758 1417 832 1466 profici-

156 1476 181 1513 25
188 1482 241 1508 scere
251 1469 277 1508 ad
286 1470 366 1521 impium
376 1469 448 1508 bellum
458 1482 480 1507 ac
489 1469 588 1508 nefarium.
608 1468 690 1515 Tamtu,
696 1468 793 1521 luppiter,
801 1470 833 1521 qui

187 1523 260 1567 iisdem,
271 1524 340 1574 quibus
351 1524 393 1560 haec
402 1525 454 1567 urbs,
465 1523 554 1574 auspiciis
564 1536 576 1561 a
587 1524 670 1562 Romulo
680 1537 700 1563 es
710 1523 832 1569 constitutus,

188 1588 245 1628 quem
255 1575 352 1614 Statorem
361 1576 419 1627 hujus
428 1577 481 1615 urbis
495 1581 554 1627 atque
568 1577 641 1629 imperii
650 1590 695 1615 vere
704 1576 831 1622 nominamus,

187 1630 238 1668 hunc
248 1634 268 1668 et
281 1631 339 1682 hujus
349 1631 409 1668 socios
419 1643 431 1668 a
440 1631 477 1668 tuis
487 1630 524 1668 aris
535 1632 640 1682 ceterisque
656 1631 740 1682 templis,
751 1645 762 1670 a
774 1631 831 1669 tectis

186 1684 239 1721 urbis
248 1696 271 1721 ac
280 1683 381 1727 moenibus,
392 1684 452 1721 avita
466 1684 586 1736 fortunisque
600 1685 669 1722 civium
686 1683 787 1737 [omnium]
802 1697 831 1722 ar-

155 1745 180 1780 30
186 1737 248 1775 cebis:
263 1741 283 1776 et
292 1737 378 1775 homines
388 1737 482 1775 honorum
491 1737 582 1783 inimicos,
590 1738 655 1775 hostes
666 1738 738 1789 patriae‚
747 1739 832 1777 latrones

186 1790 252 1835 Italiae,
263 1791 356 1828 scelerum
372 1791 446 1829 foedere
461 1791 510 1828 inter
524 1804 545 1829 se
559 1804 581 1830 ac
596 1791 668 1829 nefaria
677 1792 770 1831 societate
787 1804 831 1830 eon-

184 1843 262 1895 junctos
272 1844 347 1882 aeternis
356 1844 454 1897 suppliciis
463 1845 516 1884 nvos
526 1849 651 1897 mortuosque
660 1846 760 1884 mactabis
