1738 2673
179 89 218 115 Pno
229 88 248 114 a.
259 88 334 114 amnuo
344 87 428 121 11161111,
439 87 484 113 ear.
495 88 521 121 1v‚
531 89 550 114 v.
692 82 718 117 99

40 176 120 214 domum
130 174 238 213 devinctam
249 175 387 213 consuetudine
401 189 461 225 quum
475 180 555 219 teneret,
567 174 686 213 afficiebatur

40 242 116 267 summo
126 228 203 273 honore,
214 229 267 279 quod
282 241 326 266 eum
335 242 374 266 non
384 229 445 266 solum
461 229 555 272 colebanty
566 228 598 278 qni
613 229 685 279 aliquid

40 282 138 334 percipere
148 287 207 333 atquc
217 283 283 319 audire
293 282 404 326 studebant,
415 296 482 319 verum
493 282 556 326 etiam,
568 282 583 318 si
593 282 625 332 qui
635 283 685 319 forte

40 336 161 374 simulabant.

66 389 101 427 IV.
117 389 197 426 Interim
208 390 253 427 satis
270 389 328 440 longo
345 389 450 434 intervallo,
462 403 522 440 quum
537 392 588 426 esset
603 402 646 427 cum
661 389 703 427 L.5

39 443 122 481 Lucullo
132 442 151 480 in
161 443 244 480 Siciliam
259 444 357 493 profectus
367 449 386 480 61
396 457 456 494 quum
466 457 490 480 ex
500 456 523 480 ea
532 442 630 493 provincia
640 456 684 480 cum

39 496 107 534 eodem
124 496 205 534 Lucullo
220 496 328 540 decederet,
344 497 395 533 venit
412 497 527 534 Heracliam.
557 496 606 541 ouae
624 509 684 546 quum

39 556 90 587 esset
100 549 165 587 civitas
176 549 285 600 aequissimo
298 550 342 600 jure
356 562 378 587 ac
388 549 467 594 foedere,
479 549 562 587 adscribi
576 562 597 586 se
611 549 684 587 ineam

39 603 135 641 ciuitatem
142 603 213 640 voluit:
228 602 291 653 idque,
303 616 363 653 quum
372 603 413 653 ipse
424 616 458 653 per
468 616 488 640 se
496 604 565 654 dignus
576 608 682 653 putaretur,

40 662 80 694 tum
90 657 204 694 anctoritate
215 661 234 694 ct
249 656 311 707 gratia
325 655 401 693 Luculli
415 656 439 693 ab
454 656 609 694 Heracliensibus
623 657 683 707 impe·
693 658 717 693 lo

39 711 101 749 travit.
131 711 148 749 1.
164 711 216 748 Data
225 715 254 748 est
265 710 330 747 ciuitas
343 709 414 747 Silvani
423 709 467 761 lege
477 715 497 747 et
508 709 606 753 Carbonis
618 709 640 748 Si
650 723 684 752 our

39 777 153 802 rmnnnnrrs
168 776 291 802 orrrrnrmus
305 776 410 800 nosemnrr
425 776 523 807 naissum,
538 776 555 800 si
569 776 614 807 runi,
630 776 685 805 oron

39 832 76 856 111
90 831 211 863 1111111111,
227 831 249 855 nr
263 830 329 855 mnam
344 830 464 855 nonrcnmn
479 830 606 861 nnnmssnur,
622 830 650 862 nr,
666 830 684 855 sr

38 884 151 910 sannorum
165 885 236 909 uranus
251 884 303 908 111111
318 883 629 908 111116111116611111611561.
665 876 682 909 8.

39 926 103 970 Quum
120 926 150 963 hie
168 925 284 963 domicilium
299 925 367 962 Romae
382 925 453 961 multos
467 924 508 974 jam
522 937 581 961 annos
596 924 681 969 haberet,
692 927 716 962 15

38 980 136 1030 professus
147 984 176 1017 est
186 979 238 1030 apud
249 983 359 1029 praetorem,
367 978 389 1023 Q.
397 978 503 1022 Metellum,
514 978 688 1028 familiarissimum

39 1046 100 1069 suum.
130 1032 150 1070 Si
160 1033 206 1069 nihil
216 1032 268 1069 aliud
278 1032 313 1068 nisi
328 1031 352 1068 de
363 1032 438 1069 civitate
449 1044 471 1068 ac
485 1031 529 1082 lege
540 1031 626 1075 dicimus,
636 1032 683 1069 nihil

39 1086 81 1123 dieo
91 1086 184 1136 amplius:
200 1098 258 1123 cansa
268 1085 319 1122 dieta
329 1090 363 1122 est.
386 1085 437 1130 Quid
448 1085 497 1122 enim
508 1086 577 1122 horum
586 1085 682 1129 infirmari,

40 1139 99 1183 Grati,
111 1140 190 1189 potest‘l
219 1139 340 1175 Heracliaene
350 1150 392 1175 esse
406 1143 448 1174 tum
458 1138 577 1188 adscriptum
587 1138 682 1188 negabis?

38 1192 102 1229 Adest
111 1192 140 1229 vir
149 1204 225 1230 summa
234 1191 348 1229 auctoritate
358 1196 377 1228 61
391 1191 482 1242 religione
492 1196 511 1228 61
526 1191 569 1235 fide,
580 1191 601 1228 L.
612 1191 683 1229 Lucul-
692 1192 717 1226 20

38 1245 73 1289 lus,
85 1246 117 1296 qui
127 1258 147 1282 se
157 1259 195 1283 non
205 1245 283 1296 opinari,
294 1245 328 1282 sed
338 1245 392 1289 scire,
402 1258 441 1282 non
450 1244 551 1288 auditisse,
563 1244 597 1282 sed
607 1244 682 1289 tidisse,

38 1312 76 1336 non
94 1299 208 1343 interfuisse,
228 1298 263 1336 sed
282 1299 344 1350 egisse
363 1298 414 1336 dicit.
452 1297 532 1335 Adsunt
550 1298 683 1336 Heraclienses

38 1352 102 1403 legati,
112 1353 224 1391 nobilissimi
238 1352 335 1390 homines:
350 1352 408 1403 liujus
421 1351 488 1402 judicii
502 1364 559 1389 cansa
573 1365 616 1389 cum
630 1365 683 1389 man-

39 1405 88 1443 datis
106 1411 125 1443 et
142 1420 186 1445 eum
202 1406 280 1458 publico
296 1406 405 1443 testimonio
420 1410 519 1449 venerunt,
536 1405 568 1455 qni
582 1406 634 1443 hunc
649 1405 683 1443 ad-

39 1460 132 1511 scriptum
145 1460 289 1499 Heracliensem
305 1459 376 1498 dicunt.
407 1459 444 1496 Hie
458 1464 481 1496 tu
494 1459 570 1497 tabulas
585 1459 683 1497 desideras
692 1461 716 1496 25

39 1514 191 1553 Heracliensium
201 1515 293 1566 publicas,
305 1526 352 1564 quas
365 1514 433 1551 Italico
443 1513 493 1551 bello
503 1513 579 1550 incenso
589 1513 683 1551 tabulario

39 1567 125 1605 interisse
133 1570 203 1607 scimus
211 1580 282 1605 omnes.
297 1568 333 1604 Est
343 1567 444 1604 ridiculum
454 1566 479 1603 ad
489 1579 517 1610 ea,
528 1580 572 1617 quae
582 1566 682 1611 habemus,

39 1620 85 1659 1111111
101 1622 170 1667 (116616,
187 1634 281 1673 quaerere
298 1634 342 1671 qnae
360 1621 430 1658 habere
445 1633 483 1657 non
498 1632 607 1670 possumus,
622 1625 642 1658 et
658 1620 683 1658 de

39 1674 137 1712 bominum
152 1676 244 1713 memoria
260 1679 329 1718 tacere,
345 1674 443 1711 literarum
457 1673 569 1725 memoriam
583 1673 682 1723 flagitare;

40 1732 64 1772 et⁷
80 1742 140 1779 quum
159 1730 231 1767 habeas
246 1727 358 1779 amplissimi
376 1727 410 1764 riri
429 1726 545 1778 reli‘gionem,
566 1726 683 1777 integerrimi
691 1729 716 1763 30

39 1783 136 1834 municipii
147 1783 155 1834 j
188 1781 293 1834 jurandum
307 1780 410 1831 fidemque,
421 1792 448 1824 ea,
460 1793 504 1831 quae
516 1779 616 1830 depravari
630 1780 682 1818 nullo

39 1836 96 1873 modo
112 1841 200 1887 possamt,
215 1835 322 1886 repudiare,
337 1835 419 1877 tabulas,
430 1846 478 1884 qaas
492 1833 544 1870 idem
559 1833 606 1870 dicis
621 1834 683 1871 solere

40 1890 141 1940 corrumpi,
152 1890 266 1928 desiderare.
296 1893 313 1926 9.
328 1888 362 1925 An
372 1887 488 1926 domicilium
499 1885 586 1939 [Romae]
596 1900 635 1924 non
648 1888 682 1924 lra-

39 1940 95 1979 batt
110 1943 143 1994 qui
156 1948 186 1982 tot
201 1943 254 1981 annis
268 1946 312 1979 ante
324 1941 419 1979 civitatem
435 1941 500 1978 datam
516 1941 582 1978 sedem
598 1941 683 1978 omnium

39 2006 103 2033 rernm
113 2009 135 2034 ae
149 1998 270 2035 fortrmarum
280 2008 358 2033 suarum
375 1995 443 2033 Romae
454 1994 569 2033 collocant?
597 1994 631 2032 An
644 2007 683 2031 non
691 1998 716 2033 35

40 2052 69 2085 est
78 2050 191 2099 professus?
219 2051 282 2088 Immo
292 2062 337 2087 vero
351 2049 372 2086 iis
382 2049 452 2086 tabulis
466 2049 569 2099 professus,
580 2060 624 2098 quae
635 2048 682 2086 solae

40 2113 63 2137 ex
72 2102 105 2139 illa
118 2104 236 2154 professione
246 2103 366 2155 collegioque
381 2106 486 2154 praetorum
496 2102 583 2139 obtinent
596 2102 682 2152 publica-

40 2167 81 2192 rum
91 2156 201 2195 tabularum
211 2158 351 2196 auctoritatem.

66 2208 91 2246 V.
113 2209 164 2248 Nam
183 2224 244 2261 quum
262 2210 323 2261 Appii
341 2209 413 2247 tabulae
431 2208 560 2259 negligentius
579 2211 682 2245 assernatae

40 2259 153 2307 dicerentur,
171 2265 252 2308 (11111111,
267 2263 361 2315 quamdiu
376 2262 475 2300 incolumis
490 2261 532 2304 fuit,
549 2260 622 2303 levitas
638 2264 683 2310 post
690 2262 716 2297 40

41 2313 182 2354 damnationem
192 2318 296 2362 calamitas,
307 2329 383 2354 omnem
397 2316 506 2353 tabularum
520 2314 578 2351 fidem
589 2312 682 2365 resignas-

41 2372 74 2411 set,
82 2368 177 2414 Metellus
185 2372 243 2408 homo
253 2370 384 2408 sanctissimus
392 2368 582 2417 modestissimusque
592 2367 682 2410 omnium,

39 2424 93 2457 tanta
108 2422 212 2475 diligentia·
222 2424 263 2466 fuit,
276 2429 299 2461 nt
313 2423 337 2460 ad
354 2423 376 2460 L.
387 2423 490 2460 Lentulum
507 2426 609 2471 praetorem
623 2425 642 2458 et
658 2419 684 2457 ad

39 2473 113 2525 judices
122 2477 195 2514 venerit
212 2481 232 2515 61
245 2477 301 2514 unius
310 2476 391 2515 nominis
407 2476 464 2514 litura
478 2487 498 2513 se
509 2478 626 2512 commotum
642 2485 684 2513 esse
