1738 2673
114 42 141 80 80
436 48 508 75 enarro

145 136 199 176 licuit
208 137 263 176 aliter
272 141 337 177 vestro
346 138 417 190 generi,
431 138 507 184 nomini,
521 138 603 185 familiae,
615 138 725 191 disciplinae.
754 138 794 178 Sed

145 191 183 230 hoc
201 205 241 230 non
260 192 351 237 concedo,
369 197 397 238 ut,
414 192 484 244 quibus
502 194 559 231 rebus
574 193 680 246 gloriemini
698 194 717 232 in
733 193 793 239 vobis,

146 246 225 285 easdem
233 246 253 284 in
263 246 304 285 aliis
314 246 464 298 reprehendatis
494 251 525 285 21.
540 247 645 286 Tuberonis
655 261 696 286 sors
707 248 794 300 conjecta

145 305 176 338 est
192 312 216 338 ex
231 306 308 339 senatus
326 301 419 345 consulto,
435 313 495 352 quum
511 301 553 352 ipse
569 314 607 339 non
623 302 706 347 adesset,
725 302 793 340 morbo

127 354 205 397 5etiam
221 354 357 405 impediretur:
379 359 473 392 statuerat
492 367 588 393 excusare.
626 355 675 393 Haee
694 368 731 407 ego
749 355 794 394 novi

145 413 225 461 propter
235 421 301 447 omnes
310 407 465 452 necessitudines
476 420 520 459 quae
533 408 580 446 mibi
589 413 634 446 sunt
644 423 688 447 cum
698 409 719 447 L.
731 409 792 447 Tube-

145 474 197 501 rone.
226 462 284 500 Domi
294 475 332 499 una
342 461 416 507 eruditi,
424 462 496 499 militiae
506 463 658 507 contubernales,
666 467 711 514 post
721 463 792 508 affines,

144 515 225 554 inomni
240 515 322 568 denique
331 515 371 554 vita
385 516 498 554 familiares:
513 529 606 568 magnum
618 517 675 554 ctiam
689 516 791 562 vinculum,

145 569 197 621 quod
207 570 275 608 iisdem
285 570 353 608 studiis
363 582 439 621 semper
449 570 479 608 usi
493 583 565 608 sumus.
594 570 638 609 Scio
655 570 714 623 igitur
730 571 792 609 Tube-

113 630 211 665 loronem
228 624 279 662 domi
295 636 372 661 manere
385 624 479 662 voluisse:
495 624 529 662 sed
545 625 572 662 ita
587 625 665 676 quidam
679 625 756 677 agebat,
765 625 793 662 ita

144 678 171 715 rei
181 678 264 729 publicae
273 678 414 716 sanctissimum
423 691 493 716 nomen
499 679 615 730 opponebat,
622 685 644 716 ut
654 679 728 716 etiamsi
738 678 793 716 aliter

144 732 230 777 sentiret,
248 733 351 771 verborum
368 736 432 769 tamen
447 731 534 783 ipsorum
551 733 627 782 pondus
643 733 737 772 sustinere
753 745 792 770 non

144 791 216 837 posset.
246 790 278 825 22.
300 785 362 824 Cessit
379 785 488 823 auctoritati
503 786 614 837 amplissimi
630 786 665 824 viri
681 786 712 833 vel
728 786 792 838 potius

144 840 215 891 paruit.
237 839 281 877 Una
291 845 320 877 est
330 840 428 891 profectus
438 852 483 877 cum
492 840 519 884 iis,
531 853 613 891 quorum
622 845 664 878 erat
673 853 712 878 una
721 853 780 878 eausa
786 853 791 886 ;

112 900 137 937 15
145 894 218 932 tardius
228 894 264 931 iter·
273 893 323 932 fecit.
352 893 422 944 Itaque
431 894 450 931 in
459 893 547 931 Africam
557 894 608 932 venit
619 894 660 945 jam
670 900 790 945 occupatam.

144 947 195 986 Hine
211 947 231 985 in
246 947 344 1000 Ligarium
360 947 433 985 crimen
446 946 506 985 oritur
520 947 551 985 vel
567 947 595 985 ira
612 948 686 999 potius:
708 961 758 993 nam,
776 948 792 986 si

144 1001 215 1040 crimen
231 1006 261 1040 est
280 1001 340 1039 ailam
359 1001 447 1047 voluisse,
464 1014 502 1039 non
521 1002 583 1040 minus
602 1015 694 1055 magnum
711 1007 741 1040 est
757 1015 791 1041 vos

144 1056 238 1101 Africam,
256 1068 319 1094 arcem
336 1056 421 1094 omnium
439 1055 579 1107 provinciarum
594 1061 660 1094 natam
676 1056 702 1095 ad
718 1056 791 1096 bellum

144 1116 211 1148 contra
224 1111 273 1148 hanc
288 1110 357 1148 urbem
370 1109 478 1162 gerendum
493 1110 578 1147 obtinere
588 1110 670 1148 voluisse
684 1123 743 1162 quam
757 1110 790 1148 ali-

111 1171 202 1214 20quem
219 1176 240 1202 se
254 1163 350 1202 maluisse.
378 1164 446 1214 Atque
460 1163 476 1201 is
492 1169 556 1202 tamen
573 1164 640 1215 aliquis
654 1164 742 1217 Ligarius
753 1177 791 1202 non

144 1218 186 1256 fuit.
221 1218 285 1256 Varus
303 1217 405 1268 imperium
423 1230 443 1255 se
462 1217 533 1255 habere
553 1217 640 1263 dicebat,
660 1218 722 1256 fasces
739 1223 790 1257 certe

143 1271 234 1310 habebat.
264 1276 295 1310 23.
311 1270 351 1309 Sed
366 1283 443 1322 quoquo
457 1270 515 1309 modo
526 1284 546 1309 se
560 1271 607 1310 illud
617 1272 682 1316 habet,
692 1273 734 1311 hae
744 1285 790 1324 que-

143 1325 184 1363 rela
193 1330 257 1363 vestra
267 1325 313 1377 qnid
323 1325 389 1363 valet?
405 1330 416 1345 “
423 1324 505 1377 Recepti
512 1325 530 1362 in
536 1325 652 1377 provinciam
659 1339 696 1364 non
703 1325 790 1365 sumus.¹'

145 1379 195 1425 Quid
206 1379 222 1417 si
232 1379 314 1418 essetis?
343 1378 438 1417 Caesarine
448 1391 491 1417 eam
504 1379 592 1417 tradituri
606 1379 674 1425 fuistis,
684 1392 709 1418 an
725 1385 791 1418 contra

111 1440 136 1476 25
145 1433 241 1472 Caesarem
251 1433 359 1471 retenturi?

170 1487 228 1525 VHl.
244 1486 301 1531 Vide,
319 1486 364 1538 quid
379 1487 466 1532 lieentiae,
485 1486 622 1531 Caesenuobis
638 1492 673 1525 tua
686 1487 790 1526 liberalitas

143 1540 177 1579 det
186 1541 217 1580 vel
231 1541 295 1593 potius
312 1540 402 1579 audaciae.
432 1540 452 1579 Si
466 1541 586 1591 responderit
603 1541 678 1580 Tubero
695 1541 789 1587 Africam,

144 1607 182 1646 quo
192 1601 271 1633 senatus
279 1608 323 1633 eum
331 1607 411 1646 sorsque
420 1595 503 1638 miserat,
514 1595 549 1632 tibi
558 1599 633 1645 patrem
643 1608 699 1633 suum
708 1595 789 1633 traditu-

142 1662 185 1687 rum
199 1649 264 1694 fuisse,
282 1662 320 1686 non
337 1648 430 1687 dubitabo
447 1649 500 1699 apud
514 1648 578 1699 ipsum
594 1654 620 1693 te,
638 1649 693 1700 cujus
708 1649 728 1687 id
745 1662 790 1687 eum

110 1702 205 1746 30faeere
215 1703 306 1747 interfuit,
322 1702 438 1755 gravissimis
448 1702 511 1741 verbis
521 1703 563 1754 ejus
574 1703 672 1741 consilium
686 1704 788 1754 reprehen-

142 1756 193 1796 dere.
222 1757 268 1795 Non
282 1757 332 1795 enim
346 1756 362 1794 si
380 1756 413 1795 tibi
427 1770 449 1794 ea
463 1769 494 1794 res
508 1764 564 1808 grata
580 1757 654 1802 fuisset,
664 1763 715 1795 esset
731 1757 789 1795 etiam

142 1812 230 1862 probata.
260 1815 291 1849 24.
306 1811 346 1849 Sed
361 1811 403 1862 jam
419 1811 456 1848 hoe
472 1816 535 1848 totum
553 1811 631 1855 omitto;
652 1824 690 1848 non
707 1815 747 1849 tam
764 1824 789 1849 ne

142 1865 239 1903 offendam
248 1869 292 1902 tuas
302 1864 451 1915 patientissimas
465 1876 526 1908 aures,
537 1877 595 1915 quam
604 1877 628 1902 ne
642 1864 725 1908 Tubero,
736 1864 789 1916 qnod

142 1931 241 1970 nunquam
257 1917 355 1970 cogitavit,
369 1918 455 1955 facturus
472 1917 530 1954 fuisse
546 1917 639 1956 videatur.
677 1918 788 1957 Veniebatis

110 1980 135 2016 35
141 1971 200 2024 igitur
209 1971 228 2008 in
237 1971 325 2009 Africam
335 1970 457 2022 prouinciam,
464 1983 522 2007 unam
529 1983 553 2008 ex
559 1971 647 2009 omnibns
656 1971 700 2009 huic
706 1971 788 2010 victoriae

142 2026 225 2063 maxime
239 2025 333 2068 infestam,
348 2024 368 2061 111
382 2036 420 2075 qua
431 2029 472 2061 erat
485 2035 519 2060 rex
536 2024 685 2075 potentissimus,
702 2024 788 2063 inimicus

141 2079 187 2118 huie
202 2091 273 2122 causae,
284 2078 346 2115 aliena-
355 2078 449 2122 veluntas,
465 2084 570 2115 conventus
580 2078 630 2115 firmi
645 2083 703 2130 atque
717 2080 787 2131 magni.

142 2133 218 2179 Quaero,
226 2132 272 2184 quid
278 2132 348 2169 facturi
355 2131 422 2169 fuistis.
443 2130 571 2182 Quamquam,
579 2132 625 2183 quid
633 2133 701 2170 facturi
708 2133 787 2178 fueritis,

141 2186 234 2232 dubitem,
252 2199 312 2237 quum
326 2185 407 2229 videam,
425 2184 470 2236 qnid
485 2184 581 2223 feceritis‘.J
600 2186 695 2225 Prohibiti
711 2187 756 2225 estis
769 2187 789 2225 in

108 2241 237 2292 40provincia
253 2246 318 2278 vestra
334 2239 405 2291 pedem
421 2251 498 2289 ponere,
513 2244 532 2276 et
548 2239 639 2291 prohibiti
653 2253 728 2278 sumnia
744 2254 788 2279 oum

141 2295 215 2346 injuria.
245 2298 275 2332 25.
291 2293 394 2339 Quomodo
408 2292 428 2330 id
439 2292 524 2330 tulistis?
553 2294 647 2344 Aceeptae
657 2294 731 2345 injuriae
742 2307 788 2346 qae-

140 2349 200 2386 relam
210 2348 235 2386 ad
246 2360 303 2398 quem
318 2345 427 2384 detulistis?
456 2346 532 2397 Nempe
542 2346 567 2384 ad
581 2360 630 2392 enm,
642 2348 696 2398 enjus
707 2348 787 2386 auctori-

141 2406 201 2441 tatem
211 2401 272 2440 secuti
281 2401 300 2438 in
309 2401 420 2439 societatem
430 2399 475 2439 belli
485 2400 584 2439 veneratis.
613 2401 670 2446 Quod
681 2402 697 2440 si
707 2401 788 2449 Caesaris

140 2468 199 2496 causa
212 2457 233 2496 in
248 2454 366 2507 provinciam
383 2453 493 2499 veniebatis,
507 2454 533 2493 ad
550 2466 595 2493 eum
610 2454 698 2507 profecto
715 2454 789 2494 exclusi
