1738 2673
228 51 251 77 111
266 48 381 83 cacumen,
397 33 545 83 0101111111.
715 40 741 79 23

59 146 100 181 ret:
115 152 176 192 quum
186 151 245 184 arma,
256 152 316 191 quum
326 152 408 185 secures,
419 152 479 190 quum
493 139 561 184 fasces,
572 151 632 190 quum
645 138 708 186 tubas,

59 208 119 247 quum
136 195 191 247 signa
207 193 301 239 militaria,
312 206 372 245 quum
389 194 472 245 aquilam
487 193 539 231 illam
552 198 668 246 argenteam,
677 194 708 233 cui

59 250 90 288 'lle
100 249 158 287 etiam
168 248 272 287 sacrarium
283 248 377 286 scelerum
387 248 439 286 domi
449 260 490 286 sure
499 248 577 293 fecerat,
588 247 656 286 scirem
666 262 708 288 0550

58 303 184 356 praemissam.
216 306 246 341 14.
261 303 285 341 In
295 302 382 340 exsilium
392 302 498 355 ejiciebam,
509 314 567 353 quem
579 302 620 353 jam
634 303 708 356 ingres-

58 371 102 396 sum
111 370 154 396 esse
164 357 183 395 in
197 357 270 396 bellum
280 356 385 395 videbam?
413 356 495 402 Etenim,
506 355 570 401 credo,
581 356 658 396 Mallius
671 357 726 398 iste5

58 412 149 457 centurio,
160 411 220 463 quiin
230 424 277 464 agro
287 411 389 449 Faesulano
399 418 461 450 castra
471 411 541 463 posuit,
552 411 624 449 bellum
634 412 707 464 populo

57 467 146 505 Romano
156 479 191 504 sno
201 466 277 504 nomine
286 465 365 510 indixit;
380 471 400 504 et
413 465 445 503 illa
456 471 519 504 castra
528 478 578 503 nunc
588 478 626 503 non
641 466 706 504 Catili-

57 534 102 559 nam
112 521 182 559 ducem
192 525 305 571 exspectant
320 526 339 558 et
353 520 384 557 ille
395 521 468 572 ejectus
478 519 497 557 in
507 519 595 558 exsilium
605 532 625 557 50
639 520 706 559 Massi-

57 575 108 619 liam,
119 581 141 613 111
151 574 210 619 aiunt,
220 587 259 612 non
268 575 286 612 in
297 574 339 613 haec
349 579 411 612 castra
422 575 512 612 conferet.

84 628 132 667 VII.
148 629 165 667 Ο
176 628 305 667 conditionem
314 629 409 673 miseram,
420 641 458 666 non
472 628 531 666 modo
541 627 705 674 administrandae,
714 632 740 667 10

56 696 124 722 verum
134 683 192 722 etiam
202 682 338 721 conservandae
349 682 376 720 rei
393 682 487 734 publicae!
516 682 579 727 Nunc,
590 683 605 720 si
619 683 641 721 L.
654 683 705 721 0011-

56 737 95 776 lina
104 737 186 776 eonsiliis
195 737 294 776 laboribus
303 736 392 787 periculis
402 736 449 775 meis
459 736 597 775 circumclusus
607 749 629 774 ac
640 737 706 776 debili-

56 791 109 830 tatus
123 791 187 831 subito
204 791 328 843 pertimuerit,
344 790 458 829 sententiam
474 791 584 836 mutaverit,
600 790 707 830 deseruerit

57 859 108 891 suos,
120 845 219 885 eonsilium
234 846 279 884 belli
293 845 378 883 faciundi
394 845 492 896 abjecerit,
503 857 527 883 ex
541 845 578 883 hoe
593 858 651 883 cursu
665 858 705 884 see-

56 900 100 939 leris
115 906 134 938 01
150 900 195 939 belli
211 900 248 937 iter
257 900 283 937 ad
298 899 365 952 fugam
380 904 438 950 atque
455 899 474 937 in
488 899 575 936 exsilium
585 900 705 945 converterit,
714 904 738 940 15

55 968 94 993 non
103 954 134 992 ille
144 966 194 992 ame
204 953 297 1005 spoliatus
307 952 363 991 armis
373 953 466 998 audaciae,
475 965 513 990 non
523 953 672 1005 obstupefactus
683 966 705 993 ac

56 1009 169 1061 perterritus
183 1020 226 1046 mea
236 1007 339 1060 diligentia,
350 1020 388 1045 non
398 1007 422 1045 de
432 1020 467 1058 spe
477 1011 586 1058 conatuque
603 995 708 1059 depulsus,

56 1063 91 1101 sed
100 1062 229 1106 indemnatus,
239 1061 335 1106 innocens,
345 1062 365 1099 in
375 1061 462 1099 exsilium
470 1061 559 1111 ejectusa
570 1062 648 1099 consule
658 1062 676 1099 vi
686 1066 706 1100 et

55 1116 111 1154 minis
122 1128 164 1154 esse
174 1115 259 1153 dicetur:
274 1118 294 1153 et
308 1119 370 1159 erunt,
381 1115 414 1166 qui
427 1114 488 1158 illum,
501 1114 518 1152 si
530 1116 568 1152 hoc
583 1115 656 1160 fecerit,
666 1129 706 1154 11011

55 1170 172 1222 improbum,
184 1169 218 1207 scd
228 1168 325 1213 miserum,
335 1181 367 1206 me
376 1182 414 1207 non
425 1168 591 1221 diligentissimum
601 1170 704 1215 consulem,
713 1174 739 1209 20

56 1225 90 1262 sed
106 1223 259 1262 crudelissimum
276 1228 379 1273 tyrannum
393 1222 496 1260 existimari
515 1222 578 1261 velint.
618 1228 649 1262 15.
669 1223 706 1262 Est

55 1278 102 1316 mihi
112 1278 166 1321 tanti,
177 1276 265 1323 Quirites,
276 1277 334 1328 hujus
344 1277 420 1315 invidiae
433 1276 488 1315 salsae
499 1282 558 1328 atque
572 1276 642 1328 iniquae
655 1282 705 1316 tem-

55 1337 152 1384 pestatem
162 1331 231 1375 subire,
243 1331 349 1369 dummodo
358 1343 370 1368 a
379 1330 434 1369 robis
447 1330 507 1382 hujus
518 1331 613 1370 horribilis
628 1332 672 1370 belli
682 1344 705 1371 ac

55 1385 122 1424 nefarii
136 1385 244 1437 pericnlum
259 1385 373 1437 depellatur.
402 1384 484 1422 Dicatur
498 1397 543 1423 sane
554 1385 627 1437 ejectus
637 1398 680 1424 esse
694 1399 706 1423 a

56 1453 94 1484 me,
105 1439 211 1477 dummodo
221 1443 253 1477 eat
266 1439 286 1476 in
300 1439 393 1478 exsilium.
421 1438 462 1476 Sed
478 1438 525 1477 mihi
535 1439 612 1483 credite,
623 1452 662 1478 non
676 1444 705 1478 est
713 1446 738 1482 25

55 1493 123 1532 iturus.
152 1493 258 1545 Nunquam
267 1505 322 1545 egea
332 1493 368 1531 diis
377 1492 518 1531 immortalibus
528 1494 607 1544 optabo,
615 1493 705 1539 Quirites,

55 1547 132 1586 invidiae
142 1559 191 1585 meae
202 1547 290 1585 levandae
300 1559 364 1591 causa,
375 1552 397 1584 ut
407 1546 428 1584 L.
441 1546 543 1585 Catilinam
554 1547 625 1585 ducere
635 1548 705 1586 exerci-

55 1607 98 1639 tum
115 1601 201 1639 hostium
216 1605 274 1652 atque
287 1600 306 1638 in
316 1600 373 1638 armis
386 1600 466 1639 volitare
481 1601 574 1646 audiatis;
589 1601 624 1639 sed
641 1601 705 1640 triduo

55 1660 121 1693 tamen
131 1654 223 1692 audiet-is:
238 1656 338 1705 multoque
348 1654 409 1705 magis
418 1654 466 1692 illud
479 1654 543 1699 timeo,
554 1668 578 1693 ne
587 1655 633 1692 mihi
643 1656 668 1693 sit
677 1656 704 1692 in-

55 1709 151 1747 vidiosum
170 1708 278 1759 aliquando,
298 1708 350 1758 quod
369 1708 423 1745 illum
442 1708 536 1745 emiserim
556 1709 625 1759 potins,
646 1721 704 1760 quam
712 1715 739 1751 30

56 1762 109 1814 quod
124 1762 218 1813 ejecerim.
248 1761 287 1799 Sed
301 1774 361 1812 quum
371 1761 409 1799 sint
422 1762 515 1805 homines,
528 1762 560 1813 qui
573 1762 633 1806 illum,
644 1776 705 1814 quum

56 1816 155 1867 profectus
162 1815 192 1860 sit,
203 1815 286 1866 ejectum
297 1827 339 1852 esse
349 1815 419 1859 dicant,
430 1815 493 1858 iidem,
505 1816 519 1852 si
527 1816 638 1854 interfectus
646 1821 704 1861 esset,

56 1869 102 1920 quid
113 1869 212 1908 dicerent?
242 1872 272 1907 16.
288 1868 411 1920 Quamquam
427 1869 463 1913 isti,
474 1869 507 1919 qui
520 1870 623 1907 Catilinam
638 1870 705 1908 Massi-

56 1924 101 1962 liam
114 1923 142 1962 ire
156 1922 250 1968 dictitant,
261 1929 349 1961 nontam
364 1923 400 1961 1100
415 1929 527 1974 queruntur,
540 1937 598 1975 quam
609 1929 705 1962 verentur.

56 1977 120 2016 Nemo
134 1982 164 2016 est
173 1977 253 2015 istorum
263 1981 304 2015 tam
313 1977 425 2021 misericors,
434 1977 466 2027 qui
474 1977 527 2015 illum
535 1991 573 2015 non
583 1977 608 2016 ad
618 1978 705 2016 Mallium
713 1987 739 2022 35

57 2044 116 2083 quam
125 2031 151 2070 ad
167 2030 295 2069 Massilienses
307 2031 334 2069 ire
348 2031 406 2069 malit.
435 2031 471 2069 1110
481 2037 552 2075 autem,
563 2032 579 2069 si
595 2033 705 2070 mehercule

56 2085 100 2130 hoe,
111 2085 163 2137 quod
178 2085 224 2137 agit,
234 2098 333 2136 nunquam
343 2090 387 2122 ante
397 2084 506 2136 cogitasset,
518 2091 582 2134 tamen
592 2086 705 2124 latrocinan-

56 2143 96 2177 tem
106 2152 128 2177 se
142 2139 222 2177 interfici
236 2139 303 2176 mallet
317 2151 375 2190 quam
390 2139 475 2177 exsulem
485 2139 554 2177 vivere.
582 2140 640 2178 Nunc
653 2153 705 2185 vero,

57 2206 117 2244 quum
135 2194 152 2231 01
167 2193 214 2231 nihil
230 2192 293 2230 adhue
308 2199 379 2244 praetcr
395 2192 455 2244 ipsius
469 2193 589 2231 volrmtatem
606 2194 705 2246 cogitatio-

56 2259 140 2298 nemque
150 2246 247 2291 aeeiderit,
257 2246 292 2284 nisi
302 2246 355 2297 quod
366 2246 413 2285 vivis
422 2247 477 2285 nobis
488 2247 551 2285 Roma
561 2248 659 2298 profectus
668 2252 705 2293 est,
713 2255 740 2290 40

57 2306 147 2352 optemus
157 2300 228 2353 potius,
239 2305 261 2338 ut
271 2305 302 2338 eat
311 2301 330 2338 in
341 2300 433 2344 exsilium,
444 2313 502 2351 quam
513 2313 620 2352 queramur.

84 2354 142 2393 VIII.
173 2355 203 2393 17.
219 2353 258 2392 Sed
274 2367 309 2392 cur
322 2354 397 2392 tamdiu
414 2354 438 2392 de
451 2367 489 2392 uno
504 2355 559 2392 hoste
573 2355 676 2407 loquimur,
687 2360 707 2394 01

59 2406 84 2446 (10
94 2420 117 2446 eo
130 2408 193 2453 hoste,
204 2408 237 2460 qui
244 2409 286 2460 jam
296 2409 368 2446 fatetur
377 2421 398 2446 50
408 2421 450 2446 0550
459 2409 541 2453 hostem,
553 2413 572 2447 et
582 2422 645 2460 quem,
656 2410 707 2462 quia,

57 2461 111 2514 quod
125 2475 202 2514 semper
211 2462 269 2508 volui,
279 2475 346 2501 murus
360 2462 445 2508 interest,
454 2475 494 2502 non
507 2462 578 2501 timeo:
594 2463 619 2502 de
628 2464 664 2510 his,
674 2464 708 2516 qui
