1738 2673
131 106 171 144 442
450 118 518 144 nones.

131 177 194 262 pEbot
202 207 222 239 at
232 207 292 248 inseris
301 207 475 250 excitare—Propter
484 208 580 239 amicitiam.
599 207 672 250 Pompey
680 207 741 252 having
746 209 814 242 become

176 261 268 292 reconciled
277 266 293 291 to
302 260 368 292 Clodius
376 272 386 291 n
393 260 437 291 short
445 261 484 291 time
494 260 547 292 heloro
556 260 580 291 his
588 261 643 297 deotlr,
653 261 678 292 clr.
687 261 702 292 Β,

190 314 226 345 15.
240 314 334 344 Evocare·
359 312 407 345 Klotz
416 314 455 345 with
468 314 496 345 tlre
510 313 545 345 best
554 312 604 345 MSS.
617 324 696 349 eooeore;
708 324 754 346 sorno
766 325 813 346 reno-

166 378 208 399 eore.
232 367 288 398 Garat.
297 367 357 407 prefers
365 366 476 403 evocat-mod
482 366 565 398 remarks:
577 367 608 398 hoc
618 367 699 406 (evocare)
712 368 776 408 propius
788 371 813 399 est

166 421 270 452 antecedenti
288 421 368 456 excitare,
388 424 404 450 et
422 420 506 461 magicum
519 420 569 452 babet
585 420 667 461 quiddam,
683 430 733 462 quum
748 421 814 452 evocari

165 485 223 506 triones
231 474 249 505 iis
257 473 316 504 nrtibns
324 471 420 503 dicerentur.

190 526 225 559 17,
239 527 296 564 Cirjus
304 524 364 555 uitam
372 525 388 554 si
400 523 483 563 putetis.
492 549 496 556 .
504 549 508 556 .
516 549 520 556 .
528 525 601 556 nolitis·
626 524 644 556 Z.
653 525 686 557 524
698 524 748 563 Note,
757 527 773 557 in
785 527 814 558 fin.

166 580 250 624 Significat
258 579 292 610 fieri
303 579 357 609 ndlrnc
366 588 417 619 posse,
427 583 444 609 ut
452 583 520 619 pntent3
533 582 555 616 nt,
564 582 582 609 ut
590 578 681 615 reviviscat,
690 588 723 610 non
731 582 788 620 potest.

190 634 226 665 18.
240 634 282 666 Qui
291 633 313 669 si,
323 631 355 662 &e-
365 646 385 659 =
394 632 413 662 de
422 641 458 672 quo,
466 632 483 662 si.
507 631 539 662 See
549 630 566 661 Z.
575 630 612 662 804.

189 688 226 719 19.
239 687 302 723 Hujus
318 693 362 721 ergo
377 683 490 714 interlector·
502 684 518 715 si
533 685 589 714 essct.
614 683 691 715 Matthiae
704 684 772 716 defends
786 685 814 718 the

165 749 241 772 common
250 738 318 779 reading
326 738 355 779 qni
364 741 413 774 esset,
423 738 447 768 sor
455 738 517 775 which,
526 738 567 769 honr
579 737 607 768 the
620 738 656 769 best
667 737 719 768 ntss.
728 737 813 776 Garatoni,

165 793 221 830 Orelli,
231 792 286 829 Klotz,
296 790 334 827 rho,
343 792 379 833 give
388 792 404 821 si
412 795 461 821 esset.

188 848 225 878 21.
238 846 301 876 Graeci
310 844 402 874 homines.
426 843 443 875 A
452 843 538 876 Grecism:
549 853 626 885 compare
638 843 666 875 the
678 842 757 875 Homeric
771 845 815 879 πόλις

165 903 236 939 Μερόπων
247 899 331 937 ἀνθρώπων,
342 897 374 927 nnd
387 896 436 936 dedet,
447 897 509 933 Κίλικες,
521 897 604 933 Ἀθηναῖοι,
616 896 648 928 &e
671 897 708 928 Tho
717 902 789 929 contrast
801 899 814 930 is

164 952 180 983 in
197 950 230 982 Vos
250 950 315 981 tenti
334 953 466 981 conservatorem
480 948 620 990 populis-[is
632 951 679 986 viris,
694 961 708 981 e.
716 962 731 993 g.
746 951 813 988 Aratus,

164 1004 256 1040 Timoleon,
266 1002 356 1043 Pelopidas,
365 1002 397 1033 and
407 1001 488 1038 Bresidos
496 1002 513 1032 in
521 1002 567 1033 other
575 1002 630 1043 cities;
642 1002 733 1040 inAthcnS,
742 1003 814 1034 Hermo-

164 1058 199 1089 dius
213 1057 245 1088 and
259 1056 361 1098 Aristogiton,
385 1055 438 1096 Pliny,
453 1053 475 1085 N.
485 1054 507 1085 H.
517 1055 545 1091 34,
556 1056 573 1092 4,
581 1066 620 1097 says
632 1056 661 1087 the
673 1056 765 1088 Atheniens
780 1056 814 1088 lirst

164 1110 229 1149 erected
237 1115 299 1142 statues
307 1110 325 1140 ol
335 1109 434 1140 Harmodius
442 1109 475 1140 and
487 1108 586 1151 Aristogiton
593 1109 620 1140 the
628 1120 673 1141 same
685 1120 726 1151 year
734 1110 750 1141 in
758 1110 813 1141 which

163 1166 191 1197 tho
200 1165 247 1206 kings
255 1174 298 1195 were
310 1162 383 1203 expelled
395 1163 436 1193 srom
448 1161 506 1193 Rome.
530 1162 587 1194 Slaves
596 1173 638 1194 were
650 1166 678 1194 not
690 1163 758 1194 allowed
766 1167 782 1194 to
793 1163 813 1194 bo

164 1218 216 1250 called
224 1218 245 1259 by
254 1216 295 1249 their
303 1226 365 1247 names.
786 1251 793 1269 υ

187 1273 224 1302 23.
239 1272 294 1306 Quas
307 1277 338 1299 res
350 1270 431 1299 dininas.
456 1268 541 1300 Demosth.
552 1272 584 1308 περὶ
595 1280 664 1308 ripaue,
677 1279 691 1310 p.
703 1269 741 1307 431,
755 1270 780 1308 lli,
792 1270 812 1302 do

164 1324 253 1356 Harmodio
266 1330 282 1356 et
294 1323 403 1365 Aristogitone
411 1323 482 1363 loquens,
491 1325 515 1354 ors
522 1327 558 1360 νόμῳ
566 1322 589 1351 tot
597 1325 622 1353 τὰς
631 1323 717 1360 εὐεργεσίας,
724 1323 740 1355 ἃς
749 1322 813 1362 ὑπῆρξαν

163 1378 182 1407 εἰς
189 1376 250 1413 inrisio
259 1378 303 1406 donor
314 1380 345 1408 ταῖς
355 1375 402 1414 ἱεροῖς.
411 1374 434 1404 ἐπὶ
446 1377 478 1404 ταῖς
489 1375 544 1406 θυσίαις
550 1372 614 1402 σπονδῶν
623 1375 646 1403 tel
656 1378 730 1412 κρατήρων
737 1379 813 1409 κοινωνοὺς

163 1428 243 1461 πεποίησθε.
251 1428 275 1456 roi
282 1427 323 1456 ridere
331 1429 354 1456 nui
361 1429 411 1463 τιμᾶτε
419 1424 465 1461 ilio-oo
473 1428 504 1457 τοῖς
511 1426 554 1461 ἣρωσι
564 1425 588 1453 καὶ
597 1427 627 1456 τοῖς
635 1426 677 1455 θεοῖς.
701 1425 744 1456 Alibi
756 1425 775 1456 de
788 1427 812 1457 his

162 1479 210 1510 rebus
221 1478 271 1509 sacris
285 1478 324 1509 nihil
339 1476 406 1508 memini
421 1487 447 1508 me
463 1476 521 1517 legere.
545 1475 578 1507 Sed
592 1477 692 1509 notissimum
708 1482 732 1509 est
746 1489 812 1510 carmen

162 1532 226 1568 exotio»,
232 1532 258 1560 'En
266 1533 319 1569 μύρτου
328 1529 369 1559 eludi
376 1533 392 1558 τὸ
399 1529 439 1566 ξίφος
446 1533 503 1567 φορήσω
511 1539 524 1556 κ.
531 1540 544 1557 τ.
553 1528 566 1557 λ.
591 1528 672 1561 Matthiae,

186 1583 223 1613 24.
237 1583 292 1618 Quos
306 1581 386 1612 cantus!
404 1581 455 1616 (cire
466 1582 566 1611 carsurae
590 1581 622 1613 For
634 1584 725 1627 fragments
737 1586 755 1616 of
765 1586 811 1617 these

162 1646 216 1678 songs,
225 1636 279 1667 which
289 1645 331 1667 were
339 1645 382 1676 sung
394 1638 411 1665 at
424 1634 497 1665 festivals
509 1634 541 1665 and
554 1636 694 1673 cntertuinments,
703 1648 729 1669 see
742 1637 761 1669 G.
770 1638 812 1670 Dav,

162 1688 210 1731 Ilgen
218 1691 272 1720 sertia
281 1690 313 1720 hoc
321 1694 345 1719 cst
352 1688 425 1720 carmina
433 1688 524 1719 convivalia
533 1687 633 1725 Graecorum,
642 1700 657 1730 p.
666 1690 687 1721 58
695 1701 728 1734 sqq.

189 1743 226 1774 25.
241 1742 387 1779 consecrantur,
399 1751 435 1782 qnae
444 1742 485 1773 inter
493 1741 530 1772 deos
539 1742 630 1773 reseruntur
638 1747 654 1774 et
663 1745 707 1775 cultu
716 1744 768 1776 divino
776 1745 812 1777 affi-

162 1797 231 1827 ciuntur.
254 1794 282 1825 Ad
292 1793 397 1836 religionem,
406 1795 429 1825 ita
441 1800 460 1826 ot
474 1794 545 1836 religiose
558 1795 633 1826 colantur
641 1800 657 1826 et
670 1797 748 1828 memoria
762 1799 812 1830 honri-

162 1859 202 1881 uum
211 1849 282 1890 vigeant.
305 1847 443 1879 Irmnortolitotis
455 1852 511 1879 auteur
520 1848 580 1889 religio
589 1853 619 1885 est,
631 1850 683 1890 qualis
695 1850 812 1882 Immortalitati

162 1903 196 1933 sive
205 1902 266 1932 naturis
272 1901 393 1937 immortalibus,
402 1901 411 1932 i.
420 1912 434 1931 e.
443 1900 472 1932 diis
480 1901 551 1932 debetur.

185 1955 216 1986 Cn.
224 1953 313 1985 XXX—3
319 1957 338 1984 l.
354 1953 437 1991 teterrim,
450 1954 467 1983 si
479 1954 506 1991 id,
515 1965 538 1985 sc.
547 1954 583 1985 that
595 1954 616 1985 ho
628 1955 667 1986 slew
676 1954 742 1987 Clodius
750 1957 766 1987 in
774 1957 811 1988 sell-

162 2008 236 2040 desence.
260 2008 287 2039 An
296 2007 380 2048 efortz'ori
388 2011 479 2049 argument.

186 2062 224 2091 33.
241 2061 285 2090 Nisi
294 2068 346 2090 nero.
370 2063 380 2078 “
389 2059 516 2100 Unlesstruly,‘’
527 2059 564 2097 dec,
574 2061 628 2092 which
637 2061 649 2091 is
661 2061 724 2093 absurd.
748 2062 765 2093 Z.
774 2062 812 2094 526.

186 2115 223 2145 34.
237 2113 272 2143 Sui
283 2121 303 2144 se
314 2113 381 2150 capitis
394 2120 450 2150 quam
464 2113 532 2151 vestri,
543 2113 575 2145 dec.
603 2114 658 2152 Klotz,
667 2115 764 2153 Steinmetz,
779 2116 812 2147 and

163 2168 217 2199 others
223 2167 276 2198 retain
284 2166 349 2197 ordinis
357 2167 400 2197 atter
408 2165 547 2204 vestre-Quum
554 2169 655 2208 presertim,
664 2169 733 2199 refertur
745 2170 765 2200 ad
774 2180 810 2200 sen·

162 2222 231 2252 tentiam
238 2230 270 2251 non
280 2220 332 2251 verbis
340 2219 471 2260 expressarn,sed
481 2220 496 2250 in
504 2229 606 2260 eorumquae
614 2221 714 2261 precedunt,
720 2222 811 2252 conforma-

162 2275 205 2305 tione
215 2275 298 2305 latentem.
321 2272 378 2310 Quum
387 2274 431 2303 enim
443 2272 512 2303 formula
524 2273 558 2304 nisi
567 2284 604 2304 cero
613 2278 702 2314 usrnpetur,
710 2275 736 2306 uhi
748 2275 811 2306 absurdi

162 2326 200 2368 qnid
212 2331 349 2358 commemoratur
357 2326 373 2357 in
384 2326 436 2357 verbis
448 2326 482 2356 uisi
490 2325 610 2366 cero-fuisse,
619 2328 655 2358 brec
664 2328 706 2358 inest
718 2328 811 2358 sententio:

162 2381 271 2421 gratissimum
280 2380 324 2410 nobis
332 2383 378 2419 putat
390 2389 431 2415 esse,
442 2389 460 2409 se
468 2379 515 2410 vestri
524 2379 580 2419 capitis
589 2380 688 2411 defensorem
698 2381 752 2416 fuisse,
763 2380 810 2420 idque

162 2432 230 2464 libenter
241 2432 340 2472 praedicoret,
352 2442 403 2473 quum
411 2432 505 2472 prresertinr,
514 2431 547 2463 &e
570 2431 602 2463 See
614 2437 652 2463 notc
660 2443 681 2463 on
689 2442 731 2475 pege
743 2432 810 2469 90,'11ne

161 2483 188 2516 25.

185 2538 223 2568 35.
238 2537 262 2567 In
270 2528 421 2576 eaeonfessione,
430 2537 469 2568 dum
482 2547 501 2568 en
513 2537 623 2570 confiteretur.
646 2538 712 2570 Poterat
724 2539 774 2570 etiam
786 2538 810 2570 di-
