1738 2673
273 95 312 120 rao
323 96 340 124 o.
351 94 440 126 trenaro,
451 95 495 121 our.
506 96 540 122 xri.
737 91 762 126 83

84 188 161 222 moveat
170 182 296 235 germaniam
311 181 374 221 valeat
383 187 417 220 tua
427 195 464 221 vox
473 183 510 227 illa,
521 195 565 234 quae
572 183 622 221 vicit.
643 183 670 220 Te
680 183 730 220 enirn

84 237 147 275 dicere
157 237 283 274 audiebamus
299 249 333 273 nos
349 249 414 273 omnes
432 237 550 274 adversarios
566 243 639 287 putare⁷
650 237 684 274 nisi
698 237 730 287 qui

83 292 183 328 nobiscum
194 295 268 327 essent:
283 295 302 327 te
313 303 383 333 omnes,
395 290 427 340 qui
441 297 508 327 eontra
522 295 541 328 te
551 303 589 327 non
599 295 668 333 essent,
679 296 728 328 tuos.

83 345 168 382 Videsne
178 344 236 396 igitur
246 344 296 381 huno
306 343 428 395 splendorem
438 343 529 389 omnium,
539 343 588 382 lianc
598 343 729 382 Brocchorum

83 398 168 442 dentum,
184 399 235 435 hunc
252 396 273 434 L.
291 397 389 442 Marcium,
407 397 429 436 O.
446 397 557 440 Caesetium,
575 397 597 434 L,
616 398 747 440 Corfidium,5

83 452 141 489 hosce
158 463 223 488 ornnes
238 451 311 502 equites
328 450 431 494 Romanos,
447 451 479 501 qui
493 451 564 487 adsunt
579 456 632 488 veste
647 456 727 493 mutata,

82 518 119 542 nou
129 505 192 542 solum
202 509 257 542 notos
268 505 307 548 tibi,
318 516 384 541 verum
395 504 451 542 otiam
461 505 553 554 probatos
563 504 627 542 viros?
656 503 728 542 Tecum

81 559 165 596 fuerunt
201 558 267 608 Atque
284 558 313 595 his
329 557 463 602 irascebamur,
480 558 515 596 hos
531 558 680 609 requirebamus
698 556 728 594 his

81 611 166 650 nonnulli
177 611 233 650 etiam
245 611 371 649 minabantur.
401 611 498 649 Conserva
512 611 570 663 igitur
580 612 617 649 tuis
627 623 684 649 suos:
699 616 726 654 ut,

82 665 245 717 quemadmodum
255 670 325 711 cetera,
335 678 380 716 quae
390 665 496 703 dictasunt
506 678 517 701 a
528 670 553 709 te,
565 666 591 702 sio
605 665 642 703 hoc
653 664 726 702 rerissi·
735 670 759 704 10

81 733 134 757 mum
144 719 254 770 reperiatur.

107 773 153 811 ΧΠ.
183 777 214 810 34.
231 772 287 818 Quod
297 771 313 810 si
323 772 399 823 penitus
410 771 517 823 perspicere
527 784 594 823 posses
605 771 727 810 concordiam

81 827 206 880 Ligariorum,
224 839 290 864 omnes
309 826 378 864 fratres
397 832 461 864 tecum
479 825 576 877 judicares
595 826 659 863 luisse.
693 825 726 863 An

81 887 146 932 potest
156 881 256 932 quisquam
265 879 360 926 dubitare,
371 880 422 931 quin,
433 880 449 917 si
459 880 481 924 Q.
492 879 579 932 Ligarius
590 879 596 918 i
619 879 674 917 ltalia
684 892 726 917 esse

81 935 180 986 potuisset,
194 934 213 973 in
227 933 295 972 eadem
305 935 398 972 sententia
407 933 474 971 fuisset
487 933 570 977 futurus,
580 935 599 971 in
609 946 647 985 qua
657 934 725 970 fratres
734 937 757 971 15

81 989 173 1026 luerunt?
202 988 248 1033 Quis
258 992 293 1032 est,
304 987 336 1038 qui
351 987 420 1025 horum
430 1000 542 1025 consensum
556 988 696 1038 conspirantem
706 993 726 1024 et

81 1054 138 1094 paene
147 1042 251 1079 conflatum
260 1042 280 1079 in
291 1042 327 1079 bac
337 1053 398 1092 prope
409 1041 517 1092 equalitate
527 1041 611 1078 fraterna
621 1054 658 1078 non
668 1053 725 1079 nove-

80 1096 119 1133 rit?
135 1096 167 1146 qui
176 1097 213 1133 hoo
224 1108 261 1133 non
271 1094 345 1139 sentiat,
353 1094 428 1145 quidtis
438 1094 491 1146 prius
500 1095 587 1132 futurum
594 1095 659 1139 fuisse,
667 1108 726 1146 quam

80 1155 103 1187 ut
119 1149 138 1187 hi
151 1149 220 1187 fratres
230 1149 315 1186 diversas
325 1149 428 1186 sententias
445 1148 570 1199 fortunasque
584 1149 725 1200 sequerentur?

80 1203 186 1241 Voluntate
195 1203 253 1255 igitur
260 1215 326 1240 omnes
336 1207 401 1240 tecum
408 1201 496 1240 fuerunt:
511 1207 627 1254 tempestate
633 1202 725 1253 abreptus
733 1207 758 1240 20

80 1264 110 1296 est
127 1270 185 1302 unus;
201 1257 233 1308 qui
250 1256 266 1294 si
282 1256 360 1294 oonsilio
376 1255 396 1293 id
410 1256 493 1300 lecisset,
509 1261 559 1294 esset
574 1269 640 1294 eorum
654 1256 724 1301 similis,

80 1325 128 1362 quos
146 1316 169 1349 tu
186 1315 253 1348 tamen
271 1310 334 1348 salvos
353 1322 395 1348 esse
414 1310 494 1347 voluisti.
529 1314 559 1348 35.
583 1309 621 1347 Sed
641 1310 683 1348 ierit
699 1310 724 1348 ad

80 1365 157 1410 bellurn,
173 1364 280 1403 discesserit
294 1377 332 1401 non
344 1376 356 1400 a
369 1368 389 1401 te
404 1364 471 1408 solum,
481 1377 548 1402 venun
563 1364 646 1401 etiamn
662 1363 723 1402 fratri-

80 1420 122 1463 bus,
139 1419 159 1457 hi
175 1424 194 1456 te
211 1423 266 1456 orant
282 1418 315 1455 tui.
349 1418 449 1469 Equidem,
465 1431 524 1469 quum
536 1418 575 1456 tuis
589 1418 676 1456 omnibus
692 1431 723 1456 ne-

79 1473 136 1525 gotiis
151 1472 269 1516 interessem,
286 1472 377 1510 memoria
391 1476 453 1516 teneo,
470 1471 530 1522 qualis
546 1477 588 1509 tum
603 1472 622 1509 T.
637 1472 725 1523 Ligarius
733 1475 758 1508 25

79 1532 166 1577 quaestor
180 1527 264 1564 urbanus
274 1526 331 1564 fuerit
345 1538 391 1577 erga
405 1530 425 1563 te
435 1530 454 1563 et
469 1525 581 1577 dignitatem
596 1531 655 1564 tuam.
685 1526 724 1564 Sed

79 1592 148 1631 parum
164 1585 193 1618 est
209 1580 290 1617 melreo
307 1580 425 1617 meminisse:
446 1592 503 1629 spero
517 1580 574 1617 etiarn
591 1584 616 1623 te,
632 1580 664 1630 qui
678 1580 724 1618 obli-

79 1633 125 1671 visci
134 1633 180 1671 nihil
195 1633 244 1671 soles
257 1633 292 1670 nisi
305 1633 389 1684 injurias,
405 1633 493 1683 quoniam
508 1633 544 1671 lroe
554 1640 583 1670 est
597 1634 661 1678 animi,
676 1647 723 1684 quo-

79 1688 130 1724 niam
144 1687 201 1724 etiam
214 1686 284 1737 ingenii
300 1687 334 1730 tui,
347 1692 367 1723 te
377 1686 448 1736 aliquid
464 1686 487 1723 de
502 1687 560 1737 hujus
574 1687 606 1724 illo
620 1688 724 1737 quaestorio

81 1741 146 1784 officio,
157 1741 215 1778 etiarn
225 1739 249 1777 de
259 1739 300 1777 aliis
309 1739 424 1790 quibusdam
435 1741 562 1790 quaestoribus
572 1740 723 1778 reminiscentem
732 1741 757 1775 30

80 1793 180 1832 recordari.
209 1797 240 1832 36.
256 1793 292 1831 Hic
306 1793 364 1845 igitur
378 1793 398 1831 T.
410 1793 502 1846 Ligarius,
518 1793 550 1844 qui
567 1799 609 1831 turn
623 1794 669 1831 nihil
684 1795 724 1846 egit

83 1847 131 1885 aliud
142 1846 211 1899 (neque
222 1846 271 1885 enim
283 1847 326 1885 haeo
337 1846 448 1898 divinabat),
459 1847 494 1884 nisi
503 1853 525 1884 ut
539 1852 561 1885 tu
571 1861 615 1886 eum
624 1848 654 1885 tui
663 1849 723 1886 studi-

82 1914 135 1939 osum
145 1907 164 1939 et
178 1902 249 1939 bonurn
264 1901 325 1938 virum
338 1900 439 1952 judicares,
450 1914 500 1939 nunc
510 1913 521 1938 a
531 1907 551 1939 te
565 1902 647 1952 supplex
661 1902 724 1940 fratris

80 1956 162 1992 salutem
176 1954 229 2006 petit.
259 1955 322 2000 Quam
335 1954 393 2005 liujus
404 1955 512 1992 admonitus
523 1955 584 1994 officio
599 1969 658 2006 quarm
668 1957 723 1994 utris-

79 2021 117 2059 que
134 2008 162 2046 his
177 2008 258 2053 dederis,
274 2014 313 2047 tres
329 2009 398 2046 fratres
413 2009 495 2060 optimos
506 2015 525 2047 et
541 2009 672 2060 integerrimos
687 2011 756 2048 non35

80 2062 142 2099 solum
152 2063 187 2100 sibi
201 2062 253 2113 ipsos
263 2075 325 2113 neque
335 2062 364 2099 his
379 2067 408 2100 tot
422 2075 444 2100 ae
458 2063 528 2101 talibus
538 2063 581 2101 siris
591 2076 653 2114 neque
669 2064 724 2101 nobis

79 2115 195 2160 necessariis,
206 2115 240 2153 sed
257 2116 315 2154 etiarn
332 2115 359 2154 rei
369 2116 451 2167 publicae
468 2116 608 2155 condonaveris.
639 2118 670 2155 37.
685 2117 724 2155 Fac

79 2168 142 2220 igitur,
162 2169 214 2219 quod
231 2170 255 2208 de
274 2170 350 2208 homine
369 2170 485 2208 nobilissimo
504 2176 524 2208 et
543 2170 646 2209 clarissimo
662 2171 724 2209 fecisti

79 2235 141 2273 nuper
156 2223 175 2260 iu
185 2223 242 2268 ouria,
253 2236 303 2261 nuuc
313 2223 364 2261 idem
374 2224 393 2261 in
407 2224 448 2262 foro
459 2224 483 2261 de
493 2224 569 2274 optimis
580 2229 599 2261 et
615 2224 659 2262 huic
674 2225 724 2262 omni

79 2275 192 2326 frequentiae
210 2277 349 2327 probatissimis
368 2278 464 2315 fratribus.
500 2277 528 2314 Ut
544 2277 653 2315 concessisti
669 2276 758 2315 illum40

79 2329 158 2373 senatui,
169 2330 196 2367 sic
209 2330 234 2368 da
248 2330 299 2368 hune
316 2331 394 2383 populo,
406 2331 461 2382 eujus
475 2332 594 2369 voluntatem
608 2331 724 2369 carissimam

79 2395 155 2434 semper
165 2383 260 2422 habuisti:
276 2389 301 2430 et,
317 2385 334 2423 si
350 2385 381 2424 ille
391 2385 431 2423 dies
442 2384 475 2422 tihi
490 2384 641 2437 gloriosissimus,
652 2385 724 2436 populo

79 2436 167 2474 Romano
176 2438 296 2488 gratissimus
305 2439 353 2483 fuit;
367 2439 411 2483 noli,
418 2439 502 2483 obsecro,
513 2439 607 2483 dubitare,
619 2439 640 2477 O.
652 2439 723 2485 Gaesar,

79 2489 159 2527 similem
169 2489 195 2528 illi
204 2491 271 2543 gloriae
282 2492 360 2531 laudern
370 2505 427 2543 quam
437 2492 541 2543 saepissime
551 2505 643 2544 qnaerero.
672 2492 726 2532 Nihil
