1738 2673
433 347 464 380 IN

188 474 244 547 L.
280 470 706 548 CATILINAM

299 640 428 680 ORATIO
457 639 597 686 QUARTA

257 772 397 821 HABITA
420 772 458 821 IN
482 771 636 821 SENATU.

149 1091 166 1129 I.
195 1095 212 1129 1.
227 1091 300 1135 ano,
314 1091 382 1129 Patres
395 1090 505 1142 conscripti,
515 1090 534 1128 in
548 1103 579 1127 me
588 1090 673 1128 omnium
682 1094 769 1129 vestrum

123 1157 156 1183 ora
165 1149 223 1195 atque
234 1144 299 1182 oculos
309 1157 351 1182 esse
361 1158 467 1183 conversos,
496 1144 558 1181 Video
570 1157 604 1182 vos
618 1157 656 1181 non
670 1144 733 1182 solum
743 1144 768 1182 de

122 1202 187 1236 vestro
197 1210 219 1235 ae
229 1198 256 1235 rei
270 1198 359 1249 publieae,
370 1211 436 1235 verum
450 1197 513 1241 etiam,
525 1197 540 1234 si
556 1196 576 1234 id
591 1197 694 1247 depulsum
703 1197 732 1242 sit,
743 1197 768 1235 de

122 1264 165 1289 meo
175 1251 260 1303 periculo
270 1264 311 1289 esse
321 1251 416 1289 sollicitos.
445 1251 480 1288 Est
497 1250 543 1288 mihi
550 1250 637 1301 jucunda
650 1249 669 1288 in
683 1250 738 1289 malis
749 1255 768 1289 et

103 1309 179 1356 5grata
195 1305 214 1342 in
229 1304 295 1342 dolore
309 1309 373 1342 vestra
388 1316 435 1356 erga
451 1317 482 1342 me
497 1304 597 1342 voluntas:
617 1303 651 1341 sed
667 1317 716 1348 eam,
733 1317 768 1355 per

123 1358 169 1396 deos
179 1357 306 1395 immortales!
322 1358 411 1408 deponite
418 1362 476 1408 atque
486 1356 540 1395 obliti
549 1357 615 1394 salutis
623 1369 671 1395 meae
683 1356 707 1395 de
713 1358 767 1396 vobis

122 1424 144 1448 ac
155 1411 179 1449 de
189 1411 256 1449 vestris
265 1411 328 1449 liberis
336 1412 424 1462 cogitate.
453 1410 501 1448 Mihi
510 1411 526 1448 si
535 1411 576 1448 haee
587 1410 670 1449 conditio
680 1412 766 1449 consula·

121 1469 154 1502 tus
168 1465 215 1502 data
229 1469 264 1509 est,
274 1469 296 1501 ut
311 1477 377 1502 omnes
391 1464 511 1508 acerbitates,
522 1476 588 1502 omnes
605 1464 680 1502 dolores
695 1465 766 1502 erucia-

121 1522 192 1568 tusque
209 1518 318 1569 perferrem,
333 1518 393 1555 feram
409 1530 447 1554 non
459 1518 522 1555 selum
536 1517 616 1562 fortiter,
627 1530 694 1555 verum
709 1519 767 1555 etiam

89 1577 113 1612 10
121 1571 207 1616 libenter,
219 1571 324 1609 dummodo
334 1571 381 1609 meis
390 1571 488 1609 laboribus
496 1570 549 1609 vobis
559 1571 669 1621 populoque
679 1571 766 1609 Romano

121 1624 204 1676 dignitas
214 1625 304 1674 salusque
314 1624 404 1676 pariatur.
434 1629 451 1662 2.
466 1624 508 1676 Ego
519 1637 561 1661 sum
575 1623 606 1661 ille
616 1625 688 1668 consul,
698 1624 766 1662 Patres

121 1678 228 1728 conscripti,
240 1678 268 1716 cui
283 1690 321 1715 non
330 1678 400 1722 forum,
410 1677 430 1714 in
440 1690 478 1729 quo
488 1677 548 1714 omnis
562 1677 642 1728 aequitas
653 1678 765 1723 continetur,

120 1744 159 1768 nen
175 1744 255 1782 campus
265 1730 395 1769 consularibus
408 1731 496 1782 auspiciis
514 1735 640 1775 consecratus,
655 1744 693 1769 non
707 1731 764 1777 ouria,

121 1797 217 1821 summum
227 1784 318 1822 auxilium
329 1785 412 1822 omnium
427 1784 520 1836 gentium,
530 1797 569 1822 non
579 1784 653 1828 domus
664 1798 766 1823 commune

88 1844 112 1880 15
121 1838 236 1889 perfugium,
246 1851 284 1876 non
300 1837 361 1876 lectus
371 1838 397 1875 ad
412 1838 495 1888 quietem
506 1837 568 1882 datus,
580 1850 617 1875 non
627 1837 708 1888 denique
722 1839 766 1876 haee

121 1891 177 1928 sedes
191 1891 273 1936 honoris,
284 1891 330 1928 sella
340 1891 416 1935 eurulis,
429 1903 513 1942 unquam
522 1903 583 1928 vacua
597 1890 663 1928 mortis
680 1891 765 1942 periculo

121 1948 179 1994 atque
188 1943 259 1981 insidiis
272 1944 314 1981 init.
342 1944 385 1994 Ego
395 1944 456 1980 multa
472 1944 529 1988 tacui,
539 1943 600 1981 multa
615 1945 691 1995 pertuli,
705 1945 766 1982 multa

121 1997 211 2041 concessi,
222 1997 283 2034 multa
292 2010 336 2034 meo
346 1997 431 2047 quodam
441 1997 507 2035 dolore
516 1997 535 2035 in
544 2001 608 2035 restro
618 1997 685 2035 timore
695 1998 765 2036 sanavi.

121 2050 184 2094 Nunc,
200 2050 215 2087 si
229 2050 280 2087 hune
295 2050 367 2086 exitum
382 2050 492 2087 consulatus
506 2051 544 2087 mei
559 2049 585 2086 dii
598 2050 714 2088 immortales
725 2064 766 2089 esse

88 2110 113 2145 20
121 2104 227 2147 uoluerunt,
238 2108 261 2140 ut
268 2115 308 2147 uos,
319 2102 387 2140 Patres
398 2103 505 2154 conscripti,
514 2103 647 2154 populumque
656 2104 765 2143 Romanum

121 2170 145 2195 ex
155 2157 209 2195 ccede
219 2156 329 2200 miserrima,
340 2157 432 2207 conjuges
446 2157 554 2207 liberosque
564 2162 637 2194 vestros
646 2158 766 2209 virginesque

121 2211 210 2248 Vestales
225 2222 249 2247 er
264 2209 387 2247 acerbissima
402 2210 507 2253 vexatione,
522 2209 594 2260 templa
609 2215 666 2261 atque
679 2211 765 2257 delubra,

120 2264 170 2302 hanc
180 2263 329 2315 pulcherrimam
339 2263 419 2314 patriam
430 2263 515 2300 omnium
528 2268 614 2301 nostrum
625 2276 649 2301 ex
660 2264 766 2303 foedissima

120 2318 203 2362 flamma,
214 2322 276 2354 totam
286 2316 362 2354 ltaliam
373 2329 396 2354 ex
408 2316 458 2354 bello
468 2320 488 2353 et
502 2316 591 2355 vastitate
605 2317 703 2368 eriperem,
714 2331 765 2369 qute-

86 2377 112 2414 25
121 2383 196 2422 cunque
205 2370 251 2408 mibi
260 2370 293 2408 uni
306 2376 425 2422 proponetur
434 2369 517 2413 fortuna,
528 2370 624 2408 subeatur.
653 2371 735 2417 Etenim,
746 2372 766 2414 si

120 2426 142 2462 P.
160 2424 252 2462 Lentulus
269 2438 326 2462 sunm
342 2437 417 2467 nomen,
434 2423 524 2461 inductus
539 2437 551 2461 a
567 2424 649 2468 vatibus
666 2425 724 2463 fatale
741 2427 766 2464 ad

120 2478 222 2529 perniciem
239 2477 306 2529 populi
322 2477 405 2515 Romani
420 2478 461 2515 fore
475 2476 556 2528 putavit,
567 2490 601 2516 eur
611 2491 648 2530 ego
657 2491 696 2516 non
709 2478 766 2519 laeter
