1738 2673
120 31 147 68 90
444 40 517 69 onarro

154 130 215 181 qualis
224 143 258 168 rex
268 130 348 169 Attalus
363 131 381 169 iu
391 131 413 169 P.
424 131 539 169 Africanum
552 130 601 169 fuit:
617 130 647 169 cui
656 130 803 183 magnificentis-

154 185 202 222 sima
212 184 268 230 dona,
277 191 299 222 ut
309 185 402 237 scriptum
412 185 499 237 legimus,
510 197 571 236 usque
581 184 606 223 ad
617 184 742 223 Numantiam
752 185 804 223 misit

154 251 178 276 ex
187 238 246 284 Asia3
261 253 306 290 quae
315 240 418 277 Africanus
427 239 547 289 inspectante
555 238 640 285 exercitu
649 239 729 289 accepit.
745 238 803 284 Quod

153 305 214 343 quum
225 305 308 344 praesens
319 293 421 330 Deiotarus
431 292 484 344 regio
494 298 514 329 et
523 293 586 330 animo
596 297 616 329 et
625 304 678 330 more
687 293 770 336 fecisset,
780 296 803 330 tu

133 346 173 384 5in
183 346 293 385 cubiculum
304 346 412 385 discessisti.
445 351 475 384 20.
492 345 583 389 Obsecro,
595 345 666 390 Caesar,
677 351 743 396 repete
753 346 803 384 illius

153 401 246 451 temporis
262 402 380 444 memoriani,
396 412 446 451 poue
460 400 513 437 illum
531 405 575 436 ante
590 399 655 436 oculos
670 399 726 444 diem,
737 400 803 437 vultus

152 453 252 491 homiuum
263 459 282 491 te
292 454 405 491 intuentium
416 458 475 503 atque
483 453 618 490 admirantium
625 451 733 490 recordare.
748 452 803 491 Num

152 519 197 558 quae
212 506 332 559 trepidatio?
348 507 436 559 numqui
447 506 556 545 tuurultus‘?
570 506 674 558 numquid
688 506 722 544 nisi
737 508 802 545 mode·

152 567 199 605 rate,
217 561 252 599 nisi
267 562 336 614 quiete,
348 562 382 599 nisi
400 575 423 600 ex
439 561 520 600 hominis
534 561 640 614 grauissimi
655 565 675 600 et
690 561 803 600 sanctissimi

120 615 265 667 lodisciplina‘?
300 616 351 662 Quid
368 617 426 670 igitur
443 629 507 655 causae
525 615 629 668 excogitari
644 620 713 668 potest,
732 629 766 654 cur
783 620 802 655 te

152 670 214 708 lotum
225 670 311 715 uoluerit,
322 678 420 709 coenatum
431 671 513 709 noluerit
522 670 626 709 occidere‘.l
655 674 687 708 21.
704 670 728 708 In
738 676 802 721 poste-

152 737 201 769 rum,
216 724 284 775 inquit,
295 725 346 762 diem
363 725 443 769 distulit,
454 730 476 762 ut
490 737 550 774 quum
562 724 581 760 in
592 724 693 761 castellum
709 723 802 761 Luceium

152 784 232 815 rentum
249 783 305 822 esset,
321 778 346 816 ibi
362 779 447 831 cogitata
463 778 568 830 perficeret.
597 777 642 815 Non
652 777 707 815 tideo
724 790 802 815 causam

151 832 239 868 mutandi
255 832 302 876 loci;
317 833 352 869 sed
369 838 434 870 tamen
449 838 493 869 arcta
510 844 539 869 res
550 830 650 869 criminose
667 835 701 869 est.
731 830 801 876 Quum,

119 885 219 935 iainque,
229 898 307 923 uomere
318 891 362 936 post
377 899 452 923 enemim
462 890 481 923 tc
491 885 540 922 relle
550 884 636 929 dixisses,
646 884 665 922 in
678 884 767 922 balneum
783 889 802 923 te

152 938 223 977 ducere
240 944 352 990 coepcrunt:
368 939 393 978 ibi
411 940 460 978 enim
476 944 530 977 erant
547 938 626 977 insidiae.
655 939 685 976 At
700 943 719 977 te
734 939 802 977 endem

151 997 185 1030 tua
195 993 228 1031 1111
237 993 315 1030 fortuna
325 994 419 1032 serravit:
434 994 452 1032 in
468 993 556 1032 cubiculo
572 993 629 1031 malie
639 992 708 1031 dixisti.
737 993 769 1030 Dii
782 998 803 1032 te

151 1047 248 1098 perduint,
263 1047 354 1100 fugitive!
369 1048 395 1085 ita
408 1060 447 1085 nou
456 1047 514 1085 ruodo
524 1059 606 1099 nequam
618 1052 637 1085 et
651 1046 756 1098 improbus,
768 1046 802 1085 sed

152 1101 209 1138 etiam
219 1101 284 1138 fatuus
294 1109 314 1139 et
323 1115 388 1139 ameus
399 1115 424 1139 es.
454 1101 519 1146 Quid?
535 1102 566 1139 ille
576 1100 630 1153 signa
640 1113 693 1149 aepea
702 1101 721 1139 in
730 1100 802 1139 insidiis

119 1160 249 1206 adposuerat,
260 1169 304 1206 quse
315 1169 326 1193 e
337 1156 405 1194 balneo
413 1156 432 1193 iu
442 1156 552 1193 cubiculum
558 1155 656 1192 transferri
666 1155 802 1205 nonposseut‘l

153 1208 219 1247 Habes
227 1209 305 1246 crimina
312 1209 431 1247 insidiarum:
447 1208 493 1248 uilril
503 1208 552 1247 enini
561 1208 608 1246 dixit
618 1209 711 1260 amplius:
726 1209 802 1253 borum,

152 1263 219 1313 inquit,
230 1275 281 1300 erum
293 1264 385 1301 conscius.
415 1264 465 1310 Quid
480 1263 537 1301 tum?
552 1263 579 1300 ita
592 1263 624 1301 ille
634 1262 712 1301 demens
723 1268 770 1307 erat,
780 1267 803 1300 ut

152 1329 202 1360 euru,
212 1330 269 1367 quem
280 1317 328 1354 tanti
337 1318 414 1354 sceleris
424 1318 521 1354 conscium
533 1317 619 1360 haberet,
628 1329 639 1353 a
649 1329 670 1353 se
680 1315 801 1355 dimittoret‘.l

152 1369 235 1408 Romam
252 1370 310 1408 etiam
326 1371 417 1415 mitteret,
435 1371 468 1408 ubi
485 1377 504 1408 et
520 1370 669 1408 inimicissimum
686 1371 742 1408 sciret
760 1383 802 1409 esse

118 1430 144 1465 25
152 1433 243 1476 nepotem
258 1438 321 1469 suum,
336 1430 355 1463 et
373 1424 394 1462 O,
406 1425 503 1463 Caesarem
513 1424 543 1462 oui
557 1424 634 1462 fecisset
643 1424 735 1462 insidias?
751 1438 801 1475 prae-

152 1479 218 1516 sertim
229 1491 288 1529 quum
302 1479 318 1516 is
333 1492 382 1516 uuus
393 1485 449 1523 esset,
460 1478 493 1530 qui
509 1483 576 1530 posset
591 1478 616 1516 de
628 1477 707 1516 absente
717 1492 737 1516 se
750 1478 801 1530 judi-

152 1532 212 1570 care?
242 1538 273 1571 22.
288 1533 314 1570 Et
329 1533 397 1570 fratres
410 1546 469 1577 meos7
484 1533 551 1584 iuquit,
562 1532 613 1583 quod
629 1537 683 1570 erunt
697 1532 772 1577 conscii,
783 1532 803 1570 in

152 1586 226 1625 nucula
244 1587 330 1639 conjecit.
368 1587 432 1632 Quum
447 1587 505 1639 igitur
522 1600 555 1624 eos
569 1586 654 1630 vinciret,
672 1599 719 1637 quos
736 1599 802 1625 secum

152 1640 243 1686 habebat,
258 1646 277 1679 te
294 1641 380 1680 solutum
397 1641 480 1679 Romam
494 1641 590 1686 mittebat,
606 1641 639 1692 qui
655 1640 723 1679 eadem
737 1641 801 1685 scires,

118 1700 144 1734 30
152 1708 196 1746 quae
207 1695 249 1733 illos
260 1695 307 1733 scire
317 1696 379 1734 dieis?

179 1749 237 1787 VIII.
252 1750 334 1801 Reliqua
345 1763 389 1801 pars
400 1749 526 1788 accusationis
537 1749 609 1800 duplex
617 1748 666 1787 fuit:
681 1761 725 1794 una,
736 1761 803 1801 regem

152 1816 228 1854 semper
244 1803 263 1841 in
277 1804 360 1855 speculis
374 1804 439 1848 fuisse,
455 1817 515 1855 quum
529 1817 541 1840 a
554 1810 574 1841 te
584 1804 647 1841 animo
662 1807 713 1841 esset
728 1803 801 1847 alieno;

152 1858 218 1902 altera,
230 1858 336 1896 exercitum
346 1871 390 1896 eum
401 1864 468 1896 contra
482 1863 501 1895 te
511 1870 604 1910 mugitum
615 1869 742 1908 comparasse.
772 1857 802 1895 Dc

152 1911 237 1949 exercitu
254 1912 317 1950 dicam
331 1911 420 1956 breviter,
430 1916 453 1949 ut
470 1916 538 1949 cetera
567 1910 673 1962 Nunquam
690 1923 722 1949 eas
737 1911 802 1962 copias

119 1972 144 2005 35
152 1979 186 2003 rex
196 1965 299 2002 Deiotarus
309 1966 382 2010 babuit,
391 1965 461 2016 quibus
471 1965 540 2002 inferre.
550 1964 622 2003 bellum
631 1963 704 2016 populo
714 1964 802 2004 Romano

152 2024 231 2071 posset;
246 2019 281 2057 sed
291 2019 360 2069 quibus
370 2020 416 2057 fiues
427 2032 472 2056 suos
480 2019 504 2057 ab
515 2019 658 2057 excursionibus
669 2025 688 2058 et
698 2019 801 2057 latrociniis

152 2078 240 2112 tueretur
254 2077 274 2111 et
288 2073 436 2125 imperatoribus
452 2072 522 2111 nostris
536 2073 605 2111 auxilia
615 2072 705 2113 mitteret.
734 2075 802 2126 Atque

152 2134 210 2166 antea
224 2128 302 2180 quidem
316 2128 399 2179 majores
409 2127 474 2179 copias
490 2127 540 2166 alere
557 2132 644 2179 poterat3
659 2142 709 2167 nunc
722 2128 802 2181 exiguas

151 2184 183 2221 vix
192 2182 242 2220 tueri
252 2187 322 2235 potest.
352 2186 383 2220 23.
399 2182 428 2220 At
442 2181 493 2220 misit
502 2182 527 2220 ad
543 2181 642 2221 Gaeciliuru
651 2183 715 2222 nescio
731 2194 801 2233 quem:

118 2240 144 2276 40
151 2237 186 2275 sed
196 2250 235 2281 eos,
246 2250 294 2288 quos
304 2236 360 2281 misit,
372 2235 423 2288 quod
438 2236 465 2274 ire
475 2237 583 2282 noluerunt,
594 2236 699 2276 intinnula
713 2236 801 2288 conjecit.

151 2291 197 2330 Non
206 2304 278 2342 quaero,
289 2304 347 2342 quam
358 2291 398 2329 reri
413 2290 474 2328 simile
484 2291 508 2329 sit
523 2295 558 2328 aut
572 2304 610 2329 non
624 2291 715 2330 habuisse
729 2303 801 2343 regem,

151 2359 200 2398 quos
209 2345 300 2390 mitteret,
311 2350 345 2383 aut
356 2358 394 2391 eos,
406 2358 454 2397 quos
464 2344 553 2390 misisset,
563 2358 602 2383 uon
612 2346 711 2397 paruisse;
726 2350 760 2383 aut
769 2344 802 2395 qui

151 2400 204 2438 dicto
214 2399 313 2437 audientes
330 2399 350 2437 iu
359 2404 414 2437 tanta
423 2412 443 2437 re
457 2412 495 2437 non
509 2399 595 2444 fuissent,
607 2412 639 2438 eos
649 2400 723 2439 vinctos
738 2398 802 2450 potius

151 2466 210 2507 quam
225 2459 310 2493 necatos.
339 2453 379 2493 Sed
395 2459 460 2492 tamen
474 2466 536 2506 quum
550 2453 576 2492 ad
591 2453 690 2493 Caecilium
704 2453 801 2498 mittebat,
