1738 2673
111 111 139 150 '5ss
435 124 506 150 onnmo

145 210 266 264 oppidorum,
277 224 321 264 quae
331 212 389 251 ceteri
399 212 485 251 tollenda
495 224 537 251 esse
547 212 669 258 arbitrantur,
680 225 703 251 ea
715 212 750 252 sibi
759 212 791 252 ille

144 278 168 304 ue
178 266 256 304 riseuda
266 265 344 318 quidem
355 267 474 305 existimarit.
504 271 534 305 41.
550 267 619 318 Itaque
634 264 699 305 onines
709 281 759 305 nuuc
774 268 792 304 iu

144 320 166 357 iis
183 320 228 357 16616
246 320 281 358 On.
297 321 413 373 Pompeium
429 322 478 358 sicut
495 321 578 371 aliquem
594 335 632 358 non
648 335 672 359 er
691 322 726 359 1166
744 323 792 359 urbe

143 374 230 419 missum,
245 374 280 412 sed
296 374 320 412 de
336 375 385 413 coelo
401 375 502 424 delapsum
519 374 628 419 intuentum
645 389 695 413 nunc
710 375 791 426 11661666

125 427 236 479 5iucipiunt
249 428 333 472 credere,
349 428 407 466 fuisse
424 428 511 466 homiues
527 428 624 467 Romanos
642 429 678 467 hac
694 429 792 479 quondam

144 482 264 527 continentia,
279 482 331 533 quod
339 483 380 534 jam
390 482 498 520 nationibus
508 482 577 520 exteris
592 483 702 520 incredibile
710 496 731 520 ac
742 483 791 520 falso

143 536 240 574 6161661166
250 536 348 587 proditum
357 536 464 574 ridebatur.
485 536 541 573 Nunc
551 537 625 587 imperii
632 536 689 574 uestri
700 537 791 588 splendor

143 590 179 627 illis
189 591 278 642 gentibus
287 591 350 634 lucet;
365 604 415 628 nune
426 591 534 641 intelligunt
544 603 581 627 non
589 590 628 628 6166
639 603 697 628 causa
707 590 790 641 majores

143 657 188 681 suos
205 649 252 688 tum,
268 657 328 694 quum
345 657 367 681 ea
384 645 510 695 temperantia
525 644 648 696 magistratus
664 644 789 689 habebamus,

111 701 136 735 10
143 698 213 736 servire
223 698 294 749 populo
305 698 392 736 Romano
402 711 460 749 quarn
470 698 564 750 imperare
574 698 614 736 aliis
624 699 720 736 maluisse.
745 698 756 736 J
758 712 789 735 um

142 764 188 790 vero
197 751 224 789 ita
233 752 298 789 faciles
309 752 372 789 aditus
383 753 408 790 ad
421 766 465 790 eum
476 753 599 804 privatorum,
613 753 639 790 ita
652 753 716 790 liberae
727 752 789 803 queri-

142 806 211 843 moniae
222 806 247 843 de
256 806 336 843 aliorrun
346 806 418 857 injuriis
429 819 470 844 6666
480 806 575 851 dicuntur,
586 811 608 844 ut
620 806 642 851 is,
653 806 686 857 qui
695 806 789 857 dignitate

142 860 260 911 principibus
270 861 351 904 excellit,
360 860 451 898 facilitate
460 860 528 898 infimis
538 873 574 911 par
584 873 625 899 esse
635 860 727 899 rideatur.
756 865 787 899 te.

141 914 382 965 ι1661611666611166661116,
393 919 486 965 quantum
504 914 578 952 dicendi
593 914 687 966 grauitate
700 919 719 951 et
734 915 788 966 copia

109 970 134 1006 15
141 968 209 1011 valeat,
221 967 239 1005 in
250 980 288 1018 quo
298 968 340 1018 ipso
351 969 399 1006 inest
416 968 505 1019 quaedam
517 968 599 1019 dignitus
609 968 736 1019 imperatoria,
748 981 786 1013 ros,

142 1021 230 1066 Quirites,
239 1022 276 1059 1166
284 1021 326 1073 ipso
334 1035 358 1059 ex
364 1022 406 1060 loco
414 1035 467 1073 saepe
476 1022 596 1074 cognovistis.
618 1022 685 1059 Fidem
692 1035 737 1059 vero
746 1023 787 1073 ejus

140 1085 232 1126 quantam
243 1075 292 1113 inter
303 1076 364 1114 socios
374 1075 477 1114 existimari
487 1077 564 1126 putatis,
576 1089 633 1126 quarn
646 1076 711 1114 hostes
722 1088 787 1114 6611166

141 1129 225 1167 omnium
232 1142 324 1181 generum
334 1130 472 1168 sanctissinmm
480 1130 597 1182 judicarint?
613 1130 738 1168 Humanitate
746 1130 787 1181 jum

140 1188 194 1220 tauta
204 1190 239 1227 est,
250 1191 272 1220 ut
282 1184 357 1222 difficile
368 1185 421 1222 dictu
431 1184 460 1227 616,
471 1191 536 1221 utrum
551 1184 615 1221 hostes
626 1185 686 1235 magis
697 1184 787 1221 uirtutem

108 1240 133 1274 20
141 1237 182 1287 ejus
191 1243 299 1289 pugnantes
306 1238 408 1282 timuerint,
415 1251 439 1274 au
449 1237 616 1275 mansuetudinem
627 1238 670 1275 rieti
680 1237 785 1275 dilexerint.

140 1291 166 1328 Et
175 1292 276 1343 quisquam
286 1292 387 1335 dubitabit,
398 1292 543 1342 661111111161166
554 1297 628 1328 tanturn
644 1291 714 1329 bellum
727 1297 785 1329 trans-

139 1345 256 1383 mittendum
273 1346 303 1390 sit,
314 1346 346 1397 qui
363 1346 387 1383 nd
403 1346 466 1383 onmia
480 1351 550 1383 uostrae
561 1345 658 1383 memoriae
676 1346 726 1383 bella
742 1359 786 1384 con-

140 1398 221 1437 ficienda
231 1399 294 1438 1111166
305 1399 388 1451 quodam
399 1400 475 1438 consilio
485 1405 541 1437 natus
552 1412 593 1438 esse
603 1399 707 1437 rideatur?

167 1453 211 1491 XV.
240 1458 271 1492 43.
287 1454 318 1498 Et,
336 1454 426 1504 quoniam
441 1454 544 1491 auctoritas
560 1466 636 1504 666666
650 1454 669 1491 111
684 1454 738 1492 1161116
753 1454 786 1491 ad-

108 1511 133 1546 25
140 1508 269 1545 ministrandis
279 1508 362 1545 multum
377 1513 435 1558 atque
449 1508 468 1545 iu
483 1508 562 1558 imperio
576 1507 652 1544 militari
666 1507 723 1552 ualet,
734 1514 786 1546 certe

141 1562 211 1599 nemini
221 1561 300 1600 dubium
311 1568 346 1606 est,
357 1562 402 1612 quin
412 1574 434 1599 ea
440 1574 461 1599 re
468 1562 519 1599 idem
529 1561 559 1599 1116
569 1562 672 1612 imperator
683 1562 786 1612 plurimum

141 1616 207 1667 possit.
222 1615 352 1653 Vehementer
362 1623 427 1653 autem
437 1616 531 1667 pertinere
538 1615 563 1652 ad
573 1615 623 1653 bella
630 1615 785 1660 administranda,

140 1669 187 1721 quid
197 1669 267 1713 hostes,
279 1669 324 1720 quid
335 1669 380 1707 socii
395 1670 419 1707 de
429 1669 577 1721 imperatoribus
589 1669 657 1706 uostris
672 1670 785 1714 existiment,

141 1724 183 1774 quis
193 1723 274 1775 ignorat,
285 1737 344 1775 quum
355 1724 437 1761 sciamus
447 1723 533 1761 homines
547 1723 566 1760 16
576 1723 633 1761 tantis
643 1723 706 1768 rebus,
717 1730 739 1761 ut
753 1729 787 1761 aut

109 1782 263 1816 30coutemnant
276 1782 310 1815 aut
326 1783 414 1815 metuunt
428 1785 461 1815 aut
476 1777 550 1815 oderint
565 1782 682 1822 autument,
699 1778 787 1829 opinione

140 1844 178 1869 non
188 1832 251 1869 minus
261 1837 281 1869 et
289 1832 341 1869 fama
350 1845 408 1882 quam
425 1831 488 1882 aliqua
498 1832 571 1868 ratione
585 1838 637 1869 certa
654 1832 769 1870 commereri
778 1833 786 1869 ’1

141 1885 199 1930 Quod
209 1885 267 1937 igitur
276 1898 345 1922 nomen
355 1898 440 1935 unquam
453 1885 471 1922 16
482 1886 527 1923 orbe
545 1890 638 1922 terrarum
656 1885 723 1923 clarius
737 1886 786 1923 16161

142 1939 197 1990 cujus
207 1951 237 1976 res
247 1944 308 1991 gestae
320 1940 388 1989 pares?
404 1939 428 1976 de
438 1952 476 1989 quo
486 1939 562 1976 homine
569 1952 609 1982 ros,
617 1939 636 1976 id
647 1939 698 1989 quod
706 1939 787 1977 maxime

141 1992 188 2030 fucit
202 1993 341 2036 auctoritatem,
352 1997 406 2029 tauta
415 1997 435 2029 et
450 1998 490 2030 tam
507 1992 601 2043 praeclara
614 1992 685 2043 judicia
701 1993 786 2031 fecistis?

109 2052 134 2086 35
142 2050 173 2084 44.
189 2046 222 2083 An
227 2058 272 2084 uero
282 2046 341 2083 ullam
350 2059 432 2097 nsquam
439 2059 481 2083 esse
491 2058 544 2083 oram
554 2053 594 2083 tam
602 2045 696 2084 desertam
708 2048 787 2098 putatis,

142 2113 180 2151 quo
190 2113 227 2137 uon
237 2100 286 2137 illius
297 2099 333 2139 diei
343 2100 394 2137 lama
404 2100 514 2151 pervaserit,
526 2113 584 2151 quum
596 2100 693 2138 universus
704 2102 787 2152 populus

141 2155 240 2193 Romanus
259 2153 329 2192 referto
346 2154 387 2191 fero
405 2154 542 2204 completisque
559 2154 646 2192 omnibus
662 2155 744 2205 templis,
765 2168 788 2192 ex

142 2208 211 2260 quibus
228 2207 258 2245 hic
275 2208 329 2246 locus
339 2208 423 2258 conspici
439 2212 509 2259 potest,
521 2221 579 2245 unum
595 2208 630 2245 sibi
646 2208 671 2245 ud
687 2222 788 2247 commune

142 2262 227 2300 omnium
241 2262 327 2314 gent-ium
342 2262 413 2299 bellum
430 2261 464 2299 On
475 2262 590 2312 Pompeium
604 2262 740 2313 imperatorem
755 2263 787 2300 de-

109 2322 134 2356 40
142 2315 245 2367 poposcit?
280 2317 354 2366 ltaque,
375 2321 396 2352 ut
416 2315 470 2366 plum
489 2328 527 2353 non
546 2316 608 2353 dicum
627 2328 689 2366 neque
708 2316 788 2354 aliorum

142 2369 234 2421 exemplis
245 2370 360 2414 confirmem,
371 2375 463 2420 quantum
474 2369 577 2407 auctoritas
587 2370 650 2406 ualeat
663 2370 681 2407 in
697 2370 752 2414 bello,
763 2370 788 2408 ab

143 2423 211 2461 eodem
229 2423 263 2460 Cn.
277 2423 367 2473 Pompeio
384 2423 468 2460 omnium
485 2435 549 2460 rerum
563 2423 684 2475 egregiarum
701 2424 789 2475 exempla

142 2482 254 2521 sumantur3
269 2477 301 2528 qui
312 2490 349 2528 6116
364 2477 395 2514 die
411 2489 422 2514 a
432 2477 486 2514 robis
495 2477 590 2514 maritimo
608 2477 658 2515 bello
673 2478 789 2529 praepositus

142 2536 172 2569 est
189 2531 300 2582 imperator,
320 2536 374 2569 tanta
392 2537 471 2582 repente
490 2531 551 2568 rilitas
570 2543 651 2569 unuonae
671 2544 695 2569 ex
713 2544 790 2570 summa
