1738 2673
239 53 278 79 ruo
288 53 309 79 u.
319 53 430 96 unnosmo,
441 53 486 81 car.
497 54 524 87 rx,
534 54 553 81 x.
712 41 738 83 73

57 154 132 194 queres,
142 140 162 179 in
175 153 214 192 quo
228 153 278 180 nunc
288 146 330 180 est:
345 142 394 187 vide,
405 155 477 194 quaeso,
488 156 512 181 ne
528 147 562 181 tua
572 142 635 180 divina
644 142 705 181 virtus

58 195 187 234 admirationis
197 195 241 247 plus
255 195 280 233 sit
294 196 384 234 habitum
393 210 450 248 quam
462 196 538 249 gloriae:
559 197 653 249 siquidem
663 196 704 249 glo-

56 250 85 288 ria
100 253 129 288 est
142 249 221 287 illustris
231 262 254 287 ac
268 256 374 302 pervagata
388 263 502 303 magnorum
517 251 548 288 vel
561 252 580 289 in
595 263 639 288 suos
654 252 704 289 cives

56 303 88 342 vel
97 304 116 341 in
126 304 208 355 patriam
218 303 248 341 vel
256 304 274 342 in
284 316 340 342 omne
349 317 411 356 genus
421 305 519 343 hominum
526 305 579 343 fama
586 305 703 343 meritorum.

56 357 91 396 IX.
121 358 152 395 27.
168 357 218 395 Haec
228 357 286 409 igitur
296 357 330 396 tibi
340 358 412 409 reliqua
422 372 466 410 pars
477 363 517 397 est:
532 359 562 396 hic
572 363 633 397 restat
642 364 702 404 actus
712 365 724 399 5

55 411 75 449 in
84 412 122 449 hoc
132 410 270 450 elaborandum
279 417 314 456 est,
325 416 347 449 ut
361 425 402 450 rem
412 413 509 464 publicam
524 412 629 450 constituas
642 425 703 464 eaque

55 470 78 504 tu
87 466 106 503 in
115 465 180 517 primis
190 478 266 503 summa
276 465 412 517 tranquillitate
422 471 441 504 et
451 466 490 505 otio
500 466 609 518 perfruere:
624 472 666 504 turn
676 471 702 512 te,

55 520 71 558 si
87 520 146 564 voles,
164 532 224 571 quum
241 519 315 570 patriae,
326 520 378 571 quod
395 520 460 564 debes,
476 521 560 565 solveris,
579 526 598 559 et
614 525 703 558 naturam

54 573 117 625 ipsam
134 573 239 625 expleveris
255 573 343 612 satietate
352 574 433 618 vivendi,
449 575 494 612 satis
504 574 537 612 diu
552 575 619 613 virisse
637 574 700 613 dicito.

55 627 106 674 Quid
116 628 166 665 enim
176 631 206 665 est
223 627 299 665 omnino
313 627 349 665 hoc
365 627 429 679 ipsum
444 627 483 672 diu,
498 629 569 680 inquo
586 634 615 666 est
630 628 701 679 aliquid
710 632 735 667 10

54 682 178 720 extremum?
199 681 252 733 quod
268 694 329 733 quum
345 681 401 726 venit,
420 681 480 720 omnis
495 681 585 734 voluptas
603 682 702 734 praeterita

53 736 162 788 pronihilo
177 740 211 779 est,
227 736 271 787 quia
286 741 354 786 postea
367 735 420 773 nulla
434 741 464 774 est
480 736 551 774 futura.
580 737 701 787 Quamquam

53 790 89 828 istc
99 793 145 827 tuus
155 790 229 827 animus
239 801 338 840 nunquam
352 789 382 826 his
392 790 490 841 angustiis,
501 802 549 840 quas
562 796 631 827 natura
646 791 701 828 nobis

53 843 78 881 ad
88 843 191 881 vivendum
208 843 268 887 dedit,
286 848 387 881 contentus
402 843 445 888 init,
460 856 536 895 semper
552 843 701 882 immortalitatis

53 909 118 935 amore
131 897 225 949 flagravit.
255 901 286 935 28.
302 896 344 935 Nec
358 909 403 935 vero
417 898 461 935 haec
475 902 509 935 tua
519 897 557 935 vita
567 897 649 936 dicenda
664 903 699 942 est,
709 903 733 938 15

53 963 97 1002 quae
111 963 191 1003 corpore
201 955 221 988 et
237 951 305 1002 spiritu
315 950 427 988 continetur.
456 951 498 995 illa,
515 951 598 1003 inquam,
613 951 646 989 illa
660 952 699 989 rita

52 1011 82 1042 est
98 1009 137 1050 tua,
154 1018 199 1056 quae
214 1004 288 1056 vigebit
301 1004 392 1042 momoria
409 1004 517 1043 seculorum
533 1005 623 1050 omnium,
640 1017 700 1056 quam

51 1059 155 1109 posteritas
164 1059 208 1103 alet,
219 1070 278 1109 quam
288 1058 330 1110 ipsa
339 1058 436 1096 aeternitas
446 1071 523 1110 semper
532 1059 623 1096 tuebitur¹
647 1058 699 1097 Huic

51 1117 74 1149 tu
87 1112 184 1156 inservias,
201 1112 246 1150 huic
262 1116 282 1149 te
299 1116 383 1149 ostentes
400 1116 483 1163 oportet,
498 1124 542 1163 quae
557 1111 640 1163 quidem,
655 1124 700 1163 quae

51 1165 136 1211 miretur,
153 1165 269 1218 jampridem
283 1165 345 1203 multa
361 1165 426 1210 habet,
436 1178 487 1203 nunc
502 1166 559 1203 etiam
576 1178 619 1217 quae
633 1166 733 1207 laudet20

51 1224 156 1271 exspectat.
186 1219 329 1271 Obstupescent
342 1219 414 1270 posteri
425 1224 476 1257 certe
490 1219 575 1271 imperia,
586 1219 698 1270 provincias,

51 1273 147 1318 Rhenum,
159 1272 264 1318 Oceanum,
275 1272 348 1317 Nilum,
359 1285 434 1324 pugnas
451 1272 603 1318 innumerabiles,
619 1273 699 1311 incredi-

50 1327 99 1366 biles
113 1327 208 1372 victorias,
225 1331 356 1370 monumenta,
372 1339 458 1372 munera,
475 1327 583 1378 triumphos
600 1327 698 1365 audientes

51 1386 71 1419 et
87 1381 173 1432 legentes
190 1386 240 1419 tuos.
277 1385 308 1419 29.
331 1380 370 1418 Sed
385 1380 420 1418 nisi
436 1381 480 1419 haec
496 1381 543 1419 urbs
560 1381 644 1418 stabilita
660 1380 698 1419 tuis

51 1434 131 1472 consiliis
141 1439 161 1472 et
170 1433 260 1473 institutis
271 1435 311 1478 erit,
318 1434 421 1485 vagabitur
429 1434 488 1472 modo
497 1447 566 1472 nomen
575 1439 632 1472 tuum
641 1434 698 1486 louge
706 1442 731 1477 25

50 1493 109 1538 atque
128 1489 179 1527 late:
203 1488 270 1526 sedem
289 1487 378 1526 stabilem
397 1492 417 1526 et
435 1488 551 1526 domicilium
568 1493 642 1526 certum
660 1501 699 1526 non

50 1541 135 1580 habebit.
163 1542 206 1579 Erit
219 1542 269 1580 iner
286 1554 319 1579 eos
336 1542 398 1585 etiam,
411 1542 444 1593 qui
459 1547 567 1587 nascentur,
586 1542 635 1579 sicut
649 1542 699 1579 inter

49 1607 85 1633 nos
101 1595 144 1641 tuit,
160 1607 232 1647 magna
248 1595 346 1639 dissensio,
357 1595 463 1645 quumalii
478 1595 568 1633 laudibus
584 1595 610 1632 ad
627 1595 698 1633 coelum

49 1661 80 1687 res
90 1654 134 1687 tuas
143 1654 209 1701 gestas
219 1649 303 1693 efferent,
314 1648 345 1686 alii
354 1648 435 1686 fortasse
445 1648 517 1699 aliquid
527 1649 628 1699 requirent,
639 1648 697 1699 idque

49 1702 80 1741 vel
99 1702 209 1746 maximum,
229 1702 265 1740 nisi
282 1701 328 1740 belli
347 1701 405 1739 civilis
424 1701 532 1739 incendium
550 1702 612 1739 salute
628 1702 697 1753 patriae
705 1709 731 1744 30

49 1755 169 1794 restinxeris:
183 1755 262 1794 utillud
272 1755 306 1793 fati
315 1755 374 1793 fuisse
383 1754 478 1800 videatur,
487 1755 525 1793 hoc
536 1755 613 1793 consilii.
643 1755 697 1793 Servi

48 1809 107 1860 igitur
121 1808 143 1846 iis
160 1808 218 1846 etiam
232 1808 337 1860 judicibus,
353 1809 385 1860 qui
402 1808 467 1846 multis
486 1814 532 1859 post
549 1809 619 1846 seculis
636 1808 660 1846 de
676 1813 697 1847 te

47 1862 162 1913 judicabunt
172 1866 191 1900 et
201 1861 278 1913 quidem
287 1861 341 1900 haud
351 1862 390 1900 scio
400 1875 425 1899 an
437 1862 571 1913 incorruptius,
582 1875 640 1913 quam
650 1874 696 1901 nos:

48 1928 93 1954 nam
104 1921 123 1954 et
138 1916 178 1954 sine
187 1928 253 1953 amore
263 1920 283 1954 ct
296 1915 337 1953 sine
347 1915 453 1967 cupiditate
463 1920 483 1954 et
496 1928 563 1953 rursus
573 1916 613 1954 sine
623 1915 667 1954 odio
677 1920 697 1954 et

49 1969 89 2007 sine
98 1969 168 2008 invidia
180 1969 301 2021 judicabunt.
331 1973 362 2008 30.
377 1969 402 2008 ld
412 1975 477 2008 autem
488 1969 545 2007 etiam
554 1970 570 2008 si
579 1975 622 2008 tum
635 1969 660 2007 ad
670 1975 695 2015 ts,
705 1979 730 2013 35

48 2027 71 2060 ut
80 2023 159 2074 quidam
168 2024 217 2061 falso
227 2028 303 2075 putant,
313 2036 354 2062 non
363 2024 476 2075 pertinebit:
491 2036 542 2061 nunc
552 2029 604 2061 certe
614 2023 697 2075 pertinet

49 2088 91 2113 θεεθ
101 2081 121 2114 tc
130 2077 195 2122 talem,
205 2082 228 2115 ut
241 2081 286 2115 tuas
299 2077 367 2115 laudes
377 2078 503 2116 obscuratura
515 2077 568 2116 nulla
577 2090 663 2129 unquam
672 2076 697 2115 sit

48 2128 124 2168 oblivio.

75 2182 100 2220 X.
115 2183 201 2222 Diversae
211 2184 319 2222 voluntates
330 2185 400 2223 civium
413 2185 492 2223 fuerunt
508 2183 644 2235 distractaeque
654 2197 696 2222 sen-

48 2235 122 2274 tentiae.
157 2236 203 2275 Non
219 2237 269 2275 enim
286 2238 366 2276 consiliis
383 2238 446 2276 solum
462 2241 481 2275 et
497 2237 571 2282 studiis
588 2237 622 2275 scd
639 2237 696 2275 armis
703 2244 730 2280 40

48 2288 107 2326 etiam
116 2293 136 2327 et
146 2291 213 2328 castris
220 2290 365 2337 dissidebamus,
373 2296 414 2328 erat
424 2291 474 2328 enim
481 2290 586 2329 obscuritas
594 2290 695 2341 quaedam:

49 2346 90 2379 erat
106 2347 204 2381 certamen
219 2344 269 2383 inter
285 2345 399 2383 clarissimos
416 2344 486 2382 duces:
502 2343 558 2381 multi
575 2343 696 2390 dubitabant,
734 2341 747 2359 ⁴

49 2394 96 2445 quid
110 2395 205 2448 optimum
214 2403 271 2442 esset,
281 2398 338 2436 multi
351 2397 398 2449 quid
412 2398 448 2436 sibi
463 2396 567 2449 expediret,
577 2397 633 2435 multi
649 2397 697 2449 quid

50 2448 133 2496 deceret,
149 2451 236 2493 nonnulli
253 2451 311 2490 etiam
328 2451 374 2504 quid
389 2451 461 2491 liceret.
490 2455 522 2490 31.
543 2451 649 2490 Perfuncta
665 2463 697 2492 res
