1738 2673
211 58 250 83 eno
261 58 312 83 rnen
322 43 414 90 nmuru'm,
425 57 470 84 oar.
480 57 536 91 xvnr,
546 58 587 85 xlx.
729 51 756 89 61

75 149 142 184 contra
151 143 213 183 virum
227 144 301 190 fortem,
312 145 338 183 Α,
348 145 457 189 Gabinium,
468 145 553 197 graviter·
562 149 666 197 ornateque
676 145 723 184 dixi-

75 200 105 244 sti,
112 212 171 249 quum
181 199 196 236 is
203 199 228 236 de
234 212 272 236 uno
279 198 395 250 imperatore
399 198 469 237 'contra
479 200 581 251 praedones
590 200 723 239 constituendo

74 252 138 305 legem
155 252 302 304 promulgasset,
321 258 340 290 et
357 265 380 290 ex
397 253 434 290 hoc
448 253 491 304 ipsc
508 253 550 290 loco
567 254 663 304 permulta
676 254 723 292 item

75 311 141 345 contra
151 306 214 358 legem
224 318 266 343 eam
277 307 335 344 verba
347 305 413 345 fecisti.
444 312 474 346 53.
491 307 558 352 Quid?
573 312 620 351 tum,
631 319 666 358 per
676 306 723 345 deos

73 361 202 399 immortales!
223 360 238 397 si
254 361 297 412 plus
312 361 364 412 apud
382 361 478 412 populum
492 361 602 399 Romanum
620 362 742 401 auctor-iasa

74 420 108 452 tua
119 427 177 465 quam
187 414 246 466 ipsius
256 414 323 465 populi
333 414 414 452 Romani
421 416 473 453 salus
480 421 500 453 et
506 428 551 452 uera
557 428 616 452 causa
625 416 721 460 valuisset,

74 468 130 506 hodie
141 468 189 506 hanc
199 467 279 520 gloriam
290 474 347 519 atque
358 469 394 506 hoc
404 468 455 507 orbis
467 474 524 507 terrae
535 468 637 521 imperium
648 474 722 508 tenere-

73 522 132 559 mus‘?
160 523 192 559 An
210 522 244 559 tibi
259 526 301 558 tum
317 522 419 572 imperium
434 535 475 560 esse
493 523 530 560 hoc
541 524 646 567 videbatur,
662 536 722 574 quum

73 575 140 626 populi
150 575 231 613 Romani
246 575 310 626 legati,
321 581 427 625 quaestores
438 581 571 626 praetoresque
580 577 720 626 capiebantur?

73 643 133 681 quum
143 643 166 668 ex
177 629 264 668 omnibus
273 628 374 680 provinciis
381 635 490 667 commeatu
500 638 520 667 et
529 630 603 681 privato
614 636 633 668 et
644 630 756 681 1111110010

73 683 239 734 prohibebamur?
254 696 314 733 quum
328 683 355 719 ita
369 683 434 721 clausa
448 683 503 721 nobis
514 689 568 721 erant
582 684 642 721 maria
652 684 721 729 omnia,

72 741 94 774 ut
104 749 166 788 neque
181 737 277 789 privatam
286 748 326 773 rem
336 736 482 773 transmarinam
492 749 554 786 neque
569 737 666 787 publicam
680 737 721 787 jam

72 791 125 830 obire
135 790 250 842 possemus?

99 845 175 883 XVHI.
205 850 236 884 54.
252 844 301 889 uuae
316 844 382 882 civitas
398 850 454 882 antea
464 858 549 896 unquam
566 845 609 890 fuit,
624 858 663 883 non
677 844 720 884 dico

72 897 225 943 Atheniensium,
236 910 278 949 quae
289 898 335 935 satis
351 897 390 935 late
400 899 498 949 quondam
514 911 567 935 mare
582 899 665 935 tenuisse
675 899 720 936 dici·
729 902 754 938 15

72 957 114 998 tur3
129 966 167 991 non
177 952 372 1005 Karthaginiensium,
385 953 417 1003 qui
425 953 544 1004 permultum
558 953 618 990 classe
633 965 654 990 ac
664 953 720 990 mari-

72 1006 122 1044 timis
131 1008 189 1044 rebus
199 1007 311 1050 valuerunt;
331 1019 369 1043 non
386 1006 512 1050 Rhodiorum,
523 1020 605 1057 qnorum
619 1020 680 1057 usque
694 1006 720 1044 ad

71 1065 157 1098 nostram
173 1058 284 1098 memoriam
301 1059 400 1110 disciplina
415 1060 488 1097 navalis
506 1066 525 1098 et
541 1060 602 1112 gloria
617 1060 719 1098 remansit:

71 1127 115 1165 quae
127 1114 192 1152 civitas
201 1127 287 1165 unquam
301 1119 340 1151 tarn
353 1114 421 1158 tenuis,
432 1126 475 1165 quae
487 1119 526 1151 tam
537 1127 597 1165 parra
605 1113 667 1151 insula
677 1114 719 1159 fuit,

71 1180 115 1218 quae
126 1180 164 1204 non
175 1173 242 1219 portus
253 1180 297 1205 suos
308 1172 327 1204 et
345 1179 403 1219 agros
414 1172 433 1204 et
448 1168 532 1218 aliquam
547 1174 623 1219 partem
638 1168 720 1219 regionis
728 1171 754 1205 20

71 1227 129 1273 atque
139 1234 178 1260 orae
193 1221 294 1260 maritimae
306 1233 340 1272 per
350 1234 370 1259 se
385 1221 427 1273 ipsa
441 1221 570 1259 defenderet?
599 1222 628 1259 At
642 1221 719 1259 hercule

71 1276 143 1326 aliquot
152 1288 211 1313 annos
222 1276 322 1313 continuos
336 1280 380 1312 ante
395 1276 458 1326 legem
474 1275 576 1313 Gabiniam
591 1275 622 1313 ille
635 1275 719 1326 populus

71 1329 176 1373 Romanus,
187 1329 243 1380 eujus
257 1328 354 1380 usquead
369 1336 455 1366 nostram
464 1329 575 1366 memoriam
589 1341 659 1366 nomen
673 1329 719 1366 invi-

71 1388 124 1420 ctum
140 1382 160 1420 in
176 1383 275 1420 navalibus
292 1382 360 1434 pugnis
378 1388 515 1433 permanserat,
530 1394 601 1434 magna
618 1396 640 1421 ac
656 1383 719 1420 multo

71 1437 154 1474 murima
173 1442 228 1487 parte
246 1448 284 1473 non
303 1436 362 1474 modo
378 1436 470 1480 utilitatis,
491 1435 525 1473 sed
545 1436 643 1487 dignitatis
660 1441 751 1487 atque25

71 1490 144 1541 imperii
155 1490 221 1528 caruit.
237 1496 268 1529 55.
280 1489 327 1534 Nos7
338 1502 420 1540 quorum
431 1490 513 1541 majores
523 1489 643 1527 Antiochum
652 1502 719 1541 regem

70 1544 131 1582 classe
145 1544 256 1594 Persenque
266 1549 387 1595 superarunt,
398 1544 524 1593 omnibusque
535 1544 633 1582 navalibus
648 1544 718 1596 pugnis

72 1597 246 1649 Karthaginienses,
255 1597 340 1634 homines
348 1596 367 1633 in
374 1596 472 1633 maritimis
483 1597 540 1634 rebus
551 1597 718 1634 exercitatissimos

72 1651 244 1701 paratissimosque,
255 1651 346 1694 vicerunt,
358 1649 369 1686 ii
385 1650 438 1687 nullc
450 1650 469 1686 in
484 1650 526 1687 lcco
541 1650 582 1701 jam
592 1651 717 1701 praedonibus

72 1716 126 1754 pares
136 1716 177 1741 esse
194 1709 310 1754 poteramus.
340 1703 386 1747 Nos,
398 1704 431 1754 qui
445 1708 501 1741 antea
511 1716 549 1740 non
563 1704 621 1741 modo
637 1704 715 1741 ltaliam
725 1709 751 1744 30

71 1762 132 1794 tutam
142 1757 266 1801 habebamus,
277 1757 311 1794 sed
327 1770 392 1794 omnes
402 1756 464 1794 socios
477 1757 496 1794 in
506 1756 577 1794 ultimis
588 1758 625 1794 oris
635 1758 716 1795 auctori-

71 1814 110 1848 tate
120 1810 179 1848 nostri
189 1810 263 1862 imperii
278 1810 341 1848 salvos
356 1818 448 1862 praestare
466 1816 582 1861 poteramus,
598 1816 645 1855 tuna,
657 1824 717 1862 quum

70 1864 131 1902 insula
141 1864 201 1902 Delos
215 1869 255 1902 tam
265 1865 332 1917 procul
342 1877 353 1901 a
363 1865 419 1903 nobis
431 1864 449 1902 in
459 1865 530 1916 AEgaeo
540 1865 588 1902 mari
598 1865 667 1917 posita,
678 1878 717 1917 quo

70 1930 136 1956 omnes
146 1918 230 1969 undique
240 1932 284 1956 cum
294 1919 390 1956 mercibus
405 1924 462 1969 atque
477 1918 566 1956 oneribus
576 1919 716 1964 commeabant,

71 1973 140 2009 referta
150 1972 225 2016 divitiis,
236 1985 301 2024 parva,
312 1973 352 2010 sine
369 1985 424 2010 muro
441 1972 487 2010 nihil
504 1973 590 2017 timebat,
606 1972 664 2010 iidem
679 1981 750 2015 1101135

71 2025 128 2063 modo
145 2026 247 2078 provinciis
262 2032 320 2077 atque
333 2027 370 2064 cris
388 2026 450 2065 Italiae
468 2027 567 2064 maritimis
582 2040 605 2065 ac
622 2027 716 2077 portubus

70 2079 145 2124 nostris,
156 2080 190 2118 sed
200 2080 257 2117 etiam
267 2080 334 2132 Appia
342 2081 383 2131 jam
393 2081 423 2118 uia
433 2082 556 2118 carebamus:
572 2086 591 2117 et
602 2081 632 2117 his
641 2086 716 2132 tempo-

70 2133 121 2171 ribus
140 2146 178 2171 non
198 2134 285 2185 pudebat
304 2134 428 2187 magistratus
446 2134 512 2186 populi
532 2134 613 2171 Romani
629 2134 648 2171 111
665 2134 716 2172 hunc

70 2185 133 2237 ipsum
147 2188 212 2225 locum
229 2188 337 2232 ascendere⁷
352 2201 412 2239 quum
426 2201 470 2226 eum
487 2188 542 2225 nobis
558 2189 641 2238 majores
657 2188 717 2225 nostri

69 2240 141 2278 exuviis
151 2241 232 2279 nauticis
243 2247 262 2278 et
272 2242 361 2280 classium
371 2242 436 2293 spoliis
447 2248 535 2279 ornatum
545 2241 674 2292 reliquissent!
723 2247 750 2282 40

96 2294 149 2333 XIX.
180 2300 210 2334 56.
226 2295 280 2334 Bono
294 2295 629 2346 1001111110,0.Ηο1·101151,11011111115
644 2295 715 2333 Roma-

70 2355 134 2386 auset
148 2354 227 2394 ceteros,
239 2350 271 2400 qui
285 2355 340 2388 erant
354 2351 373 2388 in
388 2350 455 2388 eadem
466 2349 564 2393 sententia,
576 2349 638 2387 dicere
653 2349 716 2387 eristi-

70 2402 128 2439 mam't
144 2416 172 2448 ea,
183 2416 227 2454 qnae
244 2405 365 2443 sentiebatis:
381 2404 415 2441 sed
433 2412 497 2441 tamen
511 2403 530 2440 in
544 2404 606 2441 salute
621 2403 717 2442 communi

69 2453 120 2494 idem
137 2457 220 2509 populus
235 2457 334 2495 Romanus
344 2458 405 2496 dolori
415 2471 450 2495 suo
459 2457 527 2495 maluit
540 2470 598 2509 quam
608 2457 717 2496 auctoritati

395 2515 406 2550 6
