1738 2673
126 67 151 106 16
430 74 503 101 canuc
518 75 531 104 1·

157 162 205 201 lium
220 163 381 215 praestolarentur
397 166 481 204 armati?
510 166 547 205 cui
562 165 623 204 sciam
637 168 715 216 pactam
726 167 746 203 et
763 175 809 202 ocn-

158 216 247 255 stitutam
257 230 303 256 oum
316 218 382 256 Mallio
396 218 462 257 diem?
490 219 511 258 A
526 233 565 272 quc
581 219 639 257 etiam
656 219 740 269 aquilam
755 217 808 255 illam

157 276 276 323 argenteam,
287 284 345 323 quam
355 272 390 311 tibi
399 285 422 311 ac
431 273 470 311 tuis
480 274 568 313 omuibus
578 271 704 325 perniciosam
713 284 755 310 esse
763 283 807 309 con-

157 325 197 363 fido
206 337 229 363 ao
239 325 335 363 funestam
345 326 436 371 futuram,
445 328 476 366 cui
485 328 538 367 domi
547 334 587 367 tuae
598 326 703 365 sacrarium
713 325 808 365 scelerum

138 382 236 423 5tuorum
251 378 377 418 constitutum
387 380 430 426 tuit,
445 381 504 420 sciam
519 394 561 420 esse
576 380 713 433 praemissam?
741 379 771 417 Tu
785 381 808 416 nt

157 432 189 471 illa
199 445 264 471 carere
275 433 346 472 diutius
357 434 424 485 possis,
435 447 494 486 quam
503 435 590 474 venerari
605 433 631 472 ad
646 434 722 472 caedem
731 432 807 484 prolici-

157 499 212 524 scens
222 487 315 525 sclebas?
330 500 342 524 a
352 488 408 539 cujus
417 489 510 527 altaribus
519 502 573 542 saepe
581 489 639 528 istam
648 487 726 540 impiam
741 487 807 526 dexte-

156 552 199 577 ram
208 539 234 578 ad
244 553 311 579 necem
321 541 391 579 civium
400 542 529 581 transtulisti?

183 594 207 632 X.
238 598 269 634 25.
284 594 325 633 Ibis
339 595 419 633 tandem
433 596 542 647 aliquando,
556 608 595 648 quo
609 599 629 633 te
641 594 759 647 jampridem
773 599 808 632 tua

124 647 193 685 lOista
207 648 303 700 cupiditas
318 649 411 687 effrenata
425 662 448 688 ac
464 651 537 689 furiosa
550 650 643 701 rapiebat.
672 649 742 701 Neque
756 649 807 687 enim

155 702 191 739 tibi
205 703 248 740 haec
258 715 289 740 res
299 703 355 740 affert
369 703 461 748 dolorem,
472 704 507 742 sed
521 703 619 755 quandam
632 702 764 742 incredibilem
773 714 807 742 vo·

155 755 257 807 luptatem.
285 756 320 794 Ad
337 756 386 795 hanc
401 760 420 795 te
431 758 534 796 amentiam
543 763 613 795 natura
627 756 707 809 peperit.
717 756 807 794 voluntas

155 809 246 855 exercuit,
261 810 340 849 fortuna
349 811 438 849 serravit.
468 811 573 864 Nunquam
588 815 610 849 tu
618 824 657 849 nou
666 809 725 848 modo
739 811 805 855 otium,

156 864 190 902 sed
200 877 224 902 ne
234 864 307 902 bellum
316 864 396 916 quidem
405 865 440 903 nisi
454 866 549 904 nefarium
559 864 671 916 concupisti.
700 864 776 902 Nactus
786 876 807 902 es

124 920 149 956 15
156 930 180 955 ex
189 918 269 970 perditis
283 923 342 970 atque
356 919 381 957 ab
396 919 448 957 omni
461 932 500 957 non
509 918 568 958 modo
577 919 660 963 fortuna,
671 918 806 956 verumetiam

156 985 191 1023 spe
201 972 303 1017 derelictis,
315 972 418 1010 conflatam
432 972 566 1024 improborum
575 985 660 1010 manum.
690 975 721 1010 26.
737 971 774 1010 Hic
784 976 807 1010 tu

156 1038 195 1077 qua
203 1026 272 1065 laetitia
281 1025 395 1078 perfruere?
415 1026 489 1072 Quibus
499 1026 575 1080 gaudiis
585 1025 707 1064 exsultabis?
729 1026 806 1070 Quanta

157 1080 177 1118 in
192 1081 292 1131 voluptate
307 1080 433 1126 bacchabere,
449 1093 510 1132 quum
526 1081 545 1118 in
561 1085 616 1119 tanto
631 1093 711 1118 numero
727 1085 807 1117 tuorum
825 1088 826 1091 ’

157 1146 220 1184 neque
230 1134 295 1172 audies
305 1134 367 1172 virum
375 1135 448 1172 bonum
458 1147 575 1186 quemquam
583 1147 646 1185 neque
656 1133 746 1172 videbis?
772 1133 806 1172 Ad

126 1190 151 1225 20
158 1188 217 1239 hujus
226 1187 272 1226 vitae
282 1187 369 1226 studium
378 1188 465 1226 meditati
474 1192 519 1226 sunt
533 1188 565 1233 illi,
576 1188 609 1240 qui
622 1188 716 1232 feruntur,
729 1187 806 1226 labores

158 1242 197 1279 tui:
210 1242 275 1293 jacere
284 1241 339 1280 humi
347 1254 385 1280 non
394 1241 453 1281 modo
462 1241 488 1280 ad
497 1242 626 1281 obsidendum
636 1246 730 1294 stuprum,
738 1254 806 1280 rerum

158 1294 250 1334 etiamad
260 1295 333 1334 facinus
343 1295 465 1340 cbeundumg
479 1296 558 1349 vigilare
565 1309 603 1334 uon
613 1296 676 1333 solum
685 1295 806 1333 insidiantem

158 1361 226 1387 somno
239 1350 357 1394 maritorum,
367 1362 435 1387 verum
449 1349 507 1388 etiam
521 1350 576 1388 bonis
592 1349 702 1388 otiosorum.
731 1348 805 1394 Habes,

158 1403 192 1440 ubi
202 1408 287 1441 ostentes
296 1404 348 1441 illam
362 1408 417 1441 tuam
426 1404 540 1454 praeclaram
554 1403 665 1456 patientiam
675 1403 737 1449 lamis,
747 1403 805 1456 frigo-

126 1457 190 1503 cans,
201 1457 270 1508 inopiae
283 1470 347 1496 rerum
362 1457 452 1503 omnium,
467 1457 537 1509 quibus
553 1462 573 1497 te
588 1457 642 1496 breui
656 1461 744 1509 tempore
761 1470 805 1496 con-

158 1510 231 1550 fectum
248 1524 289 1550 esse
304 1510 379 1550 senties.
409 1512 440 1551 27.
455 1511 538 1550 Tantum
552 1512 624 1564 profeci
639 1509 705 1564 [tum],
716 1524 776 1563 quum
785 1515 806 1549 te

158 1577 170 1602 a
184 1565 286 1603 consulatu
294 1565 376 1616 reppuli,
386 1570 409 1603 ut
423 1566 477 1604 exsul
493 1566 558 1617 potius
574 1570 650 1604 tentare
666 1579 725 1616 quam
739 1565 806 1604 consul

157 1631 227 1656 vexare
237 1632 278 1657 rem
287 1619 385 1670 publicem
399 1632 466 1671 posses
476 1625 534 1671 atque
543 1625 566 1658 ut
578 1619 605 1664 id,
616 1619 668 1671 quod
678 1623 728 1658 esset
741 1620 776 1658 abs
786 1624 806 1658 te

158 1672 251 1711 scelerate
260 1677 379 1725 susceptum,
389 1672 509 1712 latrocinium
519 1674 584 1727 potius
594 1686 653 1726 quam
664 1673 736 1713 bellum
745 1673 805 1712 nomi-

125 1730 211 1765 acueret
236 1757 240 1765 .

183 1779 218 1819 Xl.
233 1780 296 1825 Nunc,
307 1783 330 1818 ut
346 1793 408 1826 ame,
419 1781 489 1820 Patres
506 1781 614 1834 conscripti,
631 1780 729 1833 quandam
744 1794 806 1833 prope

154 1834 228 1887 justam
238 1834 306 1886 patriae
317 1835 454 1886 querimoniam
464 1834 549 1874 detester
563 1849 585 1874 ao
596 1836 694 1887 deprecer,
705 1835 804 1887 percipite,

156 1902 230 1940 quaesc,
241 1888 347 1941 diligenter,
358 1902 403 1940 quae
418 1888 487 1933 dicam,
498 1894 518 1928 et
532 1902 555 1928 ea
569 1889 646 1941 penitus
656 1890 723 1927 animis
735 1888 805 1927 vestris

155 1942 291 1994 mentibusque
300 1943 397 1982 mandate.
421 1942 504 1988 Etenim,
515 1943 530 1981 si
539 1955 616 1981 meeum
626 1943 694 1994 patria,
704 1955 748 1994 quae
759 1943 805 1981 milri

124 2003 149 2037 35
156 1997 196 2034 rita
205 2009 248 2036 mea
257 1996 319 2035 multo
328 2001 358 2035 est
367 1997 433 2042 carior,
444 1997 460 2034 si
470 2002 539 2035 cuncta
556 1997 618 2041 ltalia,
629 1996 645 2034 si
654 1996 714 2034 omnis
724 2009 755 2034 res
769 2010 805 2048 pu-

156 2051 208 2089 blica
224 2051 325 2102 loquatur:
341 2057 353 2073 “
359 2051 386 2090 M.
401 2051 457 2096 Tulli,
467 2050 514 2102 quid
529 2046 586 2103 agis?
615 2050 669 2089 Tune
686 2062 736 2095 eum,
747 2063 805 2101 quem

157 2117 199 2143 esse
215 2105 291 2144 hostem
304 2106 419 2157 comperisti,
430 2118 488 2157 quem
505 2104 575 2144 ducem
589 2103 635 2143 belli
648 2104 735 2142 futurum
745 2104 804 2150 rides,

157 2172 215 2210 quem
229 2159 336 2211 exspectari
349 2160 486 2212 imperatorem
494 2159 514 2197 in
524 2159 591 2197 castris
600 2158 685 2197 hostium
695 2158 759 2203 sentis,
771 2171 804 2198 au-

157 2218 230 2251 ctorem
240 2213 322 2258 scelcris,
332 2213 438 2266 principem
453 2213 595 2266 conjurationis,
606 2217 727 2251 evocatorem
741 2218 806 2250 servo?

125 2272 200 2307 eorum
210 2274 230 2306 et
246 2267 316 2306 civium
332 2267 457 2320 perditorum,
477 2268 528 2306 exire
544 2266 623 2319 patiere,
641 2270 664 2304 ut
680 2266 714 2304 abs
730 2271 751 2305 te
767 2279 805 2304 non

157 2321 237 2359 emissus
256 2334 280 2360 ex
296 2322 349 2367 urbe,
367 2322 402 2360 sed
415 2322 512 2360 immissus
525 2321 545 2360 in
558 2321 627 2359 urbem
642 2332 684 2358 esse
700 2319 804 2358 audeatur?

157 2374 231 2428 Nonne
236 2375 287 2414 huno
297 2375 316 2414 in
325 2375 400 2414 vincula
410 2375 460 2422 duci,
471 2390 510 2415 non
519 2375 545 2414 ad
556 2381 638 2414 mortem
648 2373 695 2426 rapi,
705 2386 744 2411 uon
754 2387 804 2413 sum-

157 2441 190 2467 mo
206 2429 300 2480 supplicio
315 2430 395 2468 mactari
411 2430 530 2482 imperabis?
569 2435 600 2469 28.
623 2428 675 2475 Quid
690 2428 769 2466 tandem
785 2433 805 2467 te

157 2482 254 2536 impedit?
281 2483 470 2537 Mcsnemaj01·um?
498 2485 528 2523 Aa
542 2496 631 2537 persaepe
641 2481 699 2522 etiam
709 2482 778 2535 privati
786 2482 806 2521 in
