1738 2673
249 93 288 120 sno
298 95 315 121 u.
325 93 390 122 numo
401 94 483 129 maozin,
494 93 539 122 car.
549 94 596 121 xxv.
733 85 773 123 125

92 181 170 222 dibilem
189 181 306 235 diligentiam
325 183 360 222 Gn,
377 183 475 236 Pompeii;
497 182 532 222 sed
546 182 615 228 dicam,
631 186 654 221 ut
670 182 737 229 sentio,

89 237 171 290 judices.
199 236 261 275 Nimis
275 237 336 275 multa
346 243 441 290 eoguntur
450 238 522 282 audire,
533 250 596 288 neque
606 237 660 275 aliter
674 237 737 275 facere

91 295 173 343 possunt
182 290 200 336 ii,
211 290 280 342 quibus
294 296 335 330 tota
345 292 446 330 commissa
455 297 485 330 est
494 304 525 329 res
535 291 624 343 publioa;
639 291 670 329 cui
679 290 737 329 etiam

90 345 149 383 fuerit
163 344 269 383 audiendus
278 358 330 397 popa
339 345 421 384 Licinius
430 345 494 384 nescio
503 346 536 396 qui
546 344 570 384 de
582 345 632 383 circo
641 344 736 389 marimo;

91 411 156 438 servos
166 398 241 437 Milonis
251 399 304 451 apud
317 413 337 438 se
347 400 409 438 ebrios
423 400 486 438 factos
496 399 532 438 sibi
547 399 644 438 confessos
654 411 701 443 esse,
713 398 737 437 de
746 405 758 440 5

90 452 221 491 interficiendo
239 452 332 505 Pompeio
352 453 466 505 conjurasse,
484 453 528 492 rlein
547 458 615 506 postea
634 465 655 491 se
671 452 737 505 gladio

90 519 203 559 percussum
218 519 260 544 esse
277 508 301 546 ab
318 520 356 545 uno
366 507 390 545 de
407 507 448 552 illis,
459 520 483 545 ne
497 507 597 553 indicaret,
612 507 705 558 Pompeio
717 507 737 544 in

90 561 156 599 hortos
165 559 264 598 nuntiarit.
292 560 387 598 Aroessor
396 560 415 599 in
428 560 499 613 primis.
529 562 559 600 De
573 561 679 599 amicorum
694 573 735 598 sen-

89 615 150 653 tentia
159 627 200 652 rem
209 613 272 652 defert
286 614 311 651 ad
328 618 421 653 senatum.
450 614 495 653 Non
508 620 597 667 poteram
610 615 629 653 in
638 615 688 653 illins
698 614 736 652 mei

89 669 195 721 patriaeque
211 668 296 706 custodis
312 672 367 706 tanta
380 669 488 720 suspicione
504 682 542 707 non
556 674 610 707 metu
626 669 734 713 exanimari,
746 674 770 709 10

89 722 123 760 sed
138 722 221 760 mirabar
238 726 308 766 tamen,
327 721 378 760 credi
397 734 461 773 popae,
479 723 617 761 confessionem
636 735 735 760 servorum

88 776 156 821 audiri,
166 775 236 815 vulnus
250 775 270 813 in
283 775 349 820 latere,
360 776 412 827 quod
426 788 463 813 acu
477 782 571 827 punctum
581 776 684 821 rideretur,
699 789 735 827 pro

88 830 128 868 ictu
137 830 249 882 gladiatoris
265 829 347 881 probari,
377 834 408 868 66.
423 829 503 875 Verum,
514 835 536 868 ut
550 830 641 883 intelligo,
654 831 735 868 cavebat

87 885 149 936 magis
159 884 269 935 Pompeius,
278 896 336 935 quam
345 884 432 928 timebat,
440 897 478 921 non
488 896 510 921 ea
520 885 588 929 solum,
597 897 641 935 quae
648 884 734 922 timenda

88 943 147 982 erant,
165 937 200 975 sed
216 937 284 981 omnia,
302 950 326 975 ne
342 951 376 975 vos
393 937 465 988 aliquid
481 938 579 976 timeretis.
614 938 734 990 Oppugnnta
744 943 768 978 15

88 991 157 1029 domus
173 991 195 1029 Ο.
206 991 295 1035 Caesaris
305 991 403 1029 clarissimi
418 996 438 1029 et
451 991 549 1029 fortissimi
563 991 603 1036 riri,
613 1005 649 1043 per
662 991 733 1029 multas

87 1046 149 1083 noctis
158 1046 216 1083 horas
225 1045 354 1083 nuntiabatur.
383 1045 446 1083 Nemo
456 1045 542 1083 andierat
553 1050 594 1083 tam
605 1045 675 1084 celebri
684 1045 732 1090 loco,

87 1111 143 1137 nemo
162 1103 247 1136 senserat
253 1111 258 1142 ;
281 1103 347 1136 tamen
365 1098 484 1137 audiebatur.
525 1099 571 1136 Non
590 1104 678 1150 poteram
698 1096 733 1137 Cn.

87 1152 208 1204 Pompeium,
215 1151 372 1203 praestantissima
378 1152 449 1190 virtute
456 1152 524 1197 virum,
532 1152 621 1190 timidum
628 1153 721 1203 suspicari
728 1166 732 1197 ;

88 1206 211 1259 diligentiam,
222 1210 263 1244 tota
278 1217 299 1243 re
309 1205 386 1257 publice
396 1211 491 1257 suscepta,
502 1206 579 1244 nimiam
592 1206 665 1244 nullum
676 1212 732 1258 puta·
743 1211 768 1246 20

87 1260 138 1298 bam.
173 1259 333 1311 Frequentissimo
349 1264 417 1297 senatu
430 1272 492 1309 nuper
508 1259 527 1297 in
544 1259 640 1311 Capitolio
656 1264 733 1298 senator

87 1314 175 1352 inventus
185 1319 220 1358 est,
231 1313 264 1364 qui
278 1312 369 1351 Milonem
379 1326 423 1351 oum
437 1313 476 1350 telo
486 1326 528 1351 esse
541 1313 618 1351 diceret.
647 1313 734 1352 Nudavit

87 1380 108 1405 se
117 1367 137 1405 in
146 1366 265 1405 sanctissimo
275 1366 353 1418 templo,
368 1366 458 1417 quoniam
467 1367 507 1404 vito
522 1367 566 1404 talis
577 1372 596 1404 et
610 1366 655 1405 civis
665 1372 685 1405 et
699 1367 733 1406 viri

87 1421 145 1459 fidem
154 1434 192 1459 non
201 1421 289 1465 faciebat,
299 1425 328 1465 ut,
339 1433 361 1458 eo
372 1425 452 1464 tacente,
463 1432 493 1458 res
503 1421 545 1470 ipse
554 1421 671 1471 loqueretur.

113 1475 175 1513 XXV.
205 1475 236 1512 67.
252 1473 321 1512 Omnia
336 1474 456 1524 falsamque
472 1473 561 1512 insidiose
575 1475 620 1512 licta
634 1479 733 1526 comperta
743 1480 768 1516 25

87 1534 143 1573 sunt;
157 1541 217 1579 quum
234 1533 299 1565 tomen
313 1527 405 1565 metuitur
419 1527 476 1564 etiam
485 1540 536 1565 nunc
551 1528 603 1565 Milo.
632 1528 678 1565 Non
692 1528 733 1579 jam

86 1582 124 1620 hoo
135 1581 249 1620 Clodianum
259 1581 330 1618 crimen
339 1580 434 1625 timemus,
445 1580 479 1618 sed
495 1585 543 1625 tuas,
556 1580 590 1618 On.
600 1581 688 1632 Pompei,
705 1580 733 1633 (te

87 1636 137 1673 enim
149 1635 191 1686 jam
200 1634 283 1686 appello,
294 1640 313 1672 et
323 1646 345 1671 ea
355 1647 407 1677 voce,
417 1639 440 1671 ut
453 1646 484 1671 me
494 1634 584 1672 exaudire
594 1635 670 1686 possis),
681 1640 732 1679 tuus,

86 1692 136 1734 tuas,
155 1689 239 1740 inquam,
258 1687 374 1739 suspiciones
396 1687 564 1738 perhorrescimus.
602 1688 623 1725 Si
641 1688 733 1726 Milonem

86 1742 147 1786 times,
163 1742 178 1780 si
194 1743 245 1779 huno
262 1741 286 1779 de
301 1746 334 1778 tua
343 1741 382 1778 rita
395 1740 467 1778 nefarie
484 1744 518 1778 aut
533 1753 584 1779 nunc
600 1741 684 1794 cogitare
698 1747 732 1779 aut
742 1749 768 1783 30

86 1796 174 1833 molitum
183 1795 285 1846 aliqnando
296 1794 366 1845 aliquid
377 1799 440 1845 putas,
451 1793 467 1831 si
477 1794 539 1832 ltaliae
551 1795 643 1839 delectus,
653 1800 676 1833 ut
685 1809 731 1833 non-

86 1849 132 1886 nulli
142 1849 278 1900 conquisitores
288 1848 316 1886 tui
326 1847 443 1891 dictitarunt,
451 1847 466 1885 si
475 1847 518 1885 haec
526 1860 584 1893 arma,
593 1849 609 1886 si
617 1849 731 1900 Capitolinae

87 1903 181 1947 cohortes,
196 1903 212 1940 si
227 1902 320 1945 excubiae,
335 1901 350 1939 si
366 1901 441 1953 rigiliae,
452 1900 467 1939 si
484 1901 559 1939 delecta
573 1902 670 1953 juventus,
687 1916 731 1954 quae

86 1958 142 1993 tuum
155 1969 225 2007 corpus
240 1956 358 2006 domumque
368 1955 457 1999 custodit,
468 1960 535 1992 contra
547 1955 623 1993 Milonis
637 1956 731 2007 impetum

86 2013 159 2046 armata
169 2015 204 2053 est,
215 2013 273 2060 atque
282 2009 315 2047 illa
324 2009 387 2047 omnia
396 2008 415 2046 in
425 2008 476 2047 hunc
485 2021 545 2046 unum
555 2009 648 2054 instituta,
656 2015 730 2060 parata,
742 2018 767 2052 35
781 2033 786 2037 u

85 2059 159 2099 intenta
168 2068 218 2107 sunt,
228 2075 300 2115 magne
310 2068 361 2100 certe
375 2061 394 2100 in
409 2062 446 2099 hoc
455 2062 483 2099 ris
494 2067 513 2099 et
528 2062 643 2101 incredibilis
657 2064 732 2102 animus

86 2118 106 2150 et
118 2127 156 2152 non
165 2116 221 2153 unius
233 2116 268 2153 riri
277 2116 326 2154 vires
338 2120 396 2167 atque
405 2128 452 2167 opes
466 2115 579 2160 indicantur,
590 2116 606 2154 si
620 2116 699 2168 quidem
712 2118 732 2155 in

85 2166 137 2205 huno
152 2181 212 2206 unum
230 2175 250 2207 et
266 2169 436 2221 praestantissimus
452 2169 492 2206 dux
511 2169 584 2207 electus
603 2175 622 2207 et
641 2175 682 2207 tota
701 2183 731 2209 res

85 2220 163 2270 publica
178 2228 252 2260 armata
269 2228 304 2261 est.
333 2227 364 2261 68,
384 2222 424 2261 Sed
441 2222 483 2273 quis
499 2235 538 2260 non
554 2223 647 2275 intelligit,
665 2236 731 2261 omnes

85 2273 120 2311 tibi
133 2275 253 2325 reipublicae
269 2281 333 2327 partes
344 2289 407 2329 aegras
417 2281 436 2314 et
445 2276 538 2320 labantes,
549 2281 571 2313 ut
587 2289 619 2314 eas
630 2276 659 2314 his
673 2278 731 2315 ermis
740 2284 766 2319 40

86 2337 162 2364 sanares
180 2332 199 2364 et
216 2330 343 2373 confirmares,
361 2329 545 2367 esse'commissas?
576 2330 633 2375 Quod
647 2330 663 2367 si
676 2331 731 2369 locus

85 2377 151 2417 Miloni
166 2379 223 2418 datus
240 2388 295 2425 esset,
313 2383 415 2434 probasset
431 2382 518 2433 profecto
532 2382 566 2421 tibi
582 2382 623 2435 ipsi,
636 2383 731 2422 neminem

84 2443 170 2481 unquam
184 2433 282 2471 hominem
298 2435 370 2474 homiui
386 2436 477 2474 cariorem
491 2437 550 2474 fuisse
569 2449 627 2488 quam
643 2441 662 2474 te
681 2437 730 2482 sibi;

84 2484 159 2523 nullum
175 2496 196 2522 se
212 2498 298 2537 unquam
313 2488 420 2539 periculum
436 2501 472 2563 pro
488 2494 523 2526 tua
537 2489 631 2542 dignitate
646 2491 731 2541 fugisse;

410 2545 433 2580 ll
