1738 2673
150 31 176 69 94
469 40 541 67 onnrro

180 143 238 169 nemo
247 131 283 169 nisi
296 134 388 168 armatus.
417 130 442 168 Et
456 143 513 182 quem
523 143 557 168 nos
572 130 631 175 liberi,
641 130 661 168 iu
670 143 746 168 summa
760 130 828 181 populi

180 184 263 223 Romani
279 186 368 224 libertate
378 185 423 229 nati,
434 198 472 222 non
482 185 540 223 modo
550 198 588 222 non
602 189 705 235 tyrannum
720 185 754 223 scd
769 185 826 222 etiam

181 239 351 278 clementissimum
366 239 385 276 in
394 239 473 276 uictoria
487 239 581 283 ducimus
592 238 607 276 is
622 239 723 279 Blesamio.
739 238 771 285 qui
781 239 827 276 vivit

180 292 199 330 in
216 306 282 346 regno,
299 299 392 345 tyrannus
409 292 468 330 rideri
485 292 565 343 potcst‘?
593 292 644 330 Nam
662 293 686 331 de
703 288 767 331 statua
783 293 825 343 quis

162 348 315 397 5qucritur‚una
324 346 438 397 praesertim,
449 359 509 397 quum
522 352 563 383 tam
573 347 644 384 multas
654 347 733 384 videar?
762 346 825 384 Valde

180 401 230 438 enim
240 401 364 439 inridendum
374 405 403 437 est
418 400 460 450 ejus
474 401 548 443 statuis
559 400 614 451 cujus
631 401 710 451 tropaeis
727 413 765 438 non
779 400 824 438 inri-

180 454 248 493 dimus.
272 455 291 492 N
293 468 324 492 am
334 454 349 491 si
359 454 412 492 locus
422 453 478 491 affert
487 453 583 498 inridiam
591 454 655 491 nullus
665 459 695 492 cst
705 454 729 492 ad
740 458 824 492 statuam

179 508 257 559 quidem
274 508 349 547 Rostris
366 507 438 546 clarior.
467 507 498 546 De
515 508 585 560 plausu
601 512 666 546 autem
683 508 729 560 quid
745 521 823 559 respon-

179 562 252 600 deam?
268 563 300 614 qui
317 575 352 599 nec
368 562 487 600 desideratus
502 575 587 613 unquam
597 575 609 599 a
624 567 644 600 te
658 568 693 607 est,
704 567 724 600 et
737 575 823 600 nonuun-

147 619 172 653 10
179 629 243 667 quam,
252 616 391 668 obstupefactis
399 616 513 661 homiuibus,
520 617 562 668 ipsa
569 616 694 654 admiratione
701 629 823 668 compressus

179 675 214 715 est,
223 676 242 708 et
249 671 331 709 fortasse
339 683 361 708 eo
369 670 516 722 praetermissus,
523 670 568 722 quia
575 671 621 709 nihil
628 671 709 722 vulgare
716 676 735 709 11
743 671 824 722 dignum

178 724 239 763 rideri
248 729 318 776 potest.

205 780 262 817 XlH.
286 784 316 818 35.
332 778 385 816 Nihil
394 791 444 816 ame
452 778 533 816 arbitror
542 779 700 829 praetermissum,
708 778 743 817 sed
752 778 823 829 aliquid

178 833 204 870 ad
214 838 319 871 extremam
330 845 393 870 causae
404 837 480 883 partem
489 837 613 870 reservatum.
642 832 666 870 Id
677 837 741 870 autem
752 833 823 884 aliquid

147 890 171 924 15
179 892 213 931 est,
229 892 248 925 11
258 892 281 924 111
290 887 347 938 plane
362 886 453 924 Deiotaro
463 885 572 924 reconciliet
586 886 646 924 oratio
655 899 709 924 mea:
724 900 762 924 non
773 887 823 924 enim

176 941 218 991 jam
228 945 300 986 metuo,
311 953 335 978 ne
344 940 371 978 illi
380 945 402 977 tu
412 953 536 984 succenseas3
550 940 598 978 illud
607 953 679 985 vereor,
690 954 714 979 ne
726 941 760 980 tibi
769 941 822 979 illum

178 1007 291 1033 succensere
301 994 373 1045 aliquid
383 994 485 1045 suspicere.
515 994 572 1039 Quod
582 994 637 1032 abest
650 995 766 1047 longissime,
776 995 823 1033 mihi

178 1049 240 1093 crede,
250 1048 327 1087 Caesar:
343 1048 389 1099 quid
399 1049 449 1085 enim
459 1048 540 1086 retineat
550 1053 618 1099 perte,
629 1049 720 1094 meminit,
728 1062 766 1087 non
776 1049 822 1100 quid

178 1103 274 1148 amiserit;
288 1115 351 1153 neque
367 1115 388 1140 se
402 1115 413 1139 a
430 1107 449 1140 te
463 1102 568 1140 multatum
582 1103 696 1148 abarana-3
711 1103 745 1141 sed
762 1116 822 1153 quum

147 1157 296 1195 20existimares
310 1156 376 1195 multis
392 1156 427 1194 tibi
443 1156 505 1194 multa
521 1169 563 1194 1551
576 1156 684 1201 tribuenda,
696 1156 797 1208 quominus
811 1170 823 1194 a

179 1224 205 1256 se,
220 1211 253 1262 qui
269 1211 288 1248 iu
302 1210 363 1248 altera
379 1215 434 1261 parte
448 1210 520 1255 fuisset,
532 1222 554 1247 ea
568 1223 659 1256 sumeres,
670 1224 708 1248 non
722 1211 821 1249 recusarit.

180 1270 211 1303 36.
227 1265 303 1303 Etenim
317 1265 333 1302 si
348 1264 458 1302 Antiochus
474 1277 557 1316 magnus
571 1264 608 1309 ille,
623 1277 657 1302 rex
670 1265 731 1310 Asiae,
746 1270 822 1317 postea·

179 1332 238 1371 quam
248 1332 260 1356 a
275 1319 297 1357 L.
309 1318 397 1369 Scipione
412 1318 498 1356 derictus
515 1318 577 1355 'lauro
591 1323 647 1356 tenus
661 1331 742 1370 regnare
757 1319 822 1370 jussus

179 1378 231 1411 esset
247 1385 362 1423 omnemque
378 1373 428 1410 hanc
442 1372 516 1416 Asiam,
531 1385 575 1422 quae
591 1377 620 1410 est
636 1385 687 1410 nunc
696 1378 762 1411 nostra
778 1386 822 1424 pro-

147 1426 431 1471 25111111,1111515511111111
445 1430 475 1463 est
489 1426 561 1470 solitus,
576 1426 659 1477 benigne
673 1426 709 1464 sibi
722 1440 734 1463 a
750 1427 822 1478 populo

179 1481 267 1519 Romano
278 1493 319 1519 esse
328 1480 407 1524 factum,
418 1479 471 1530 quod
485 1480 540 1517 nimis
550 1492 621 1531 magna
634 1480 767 1530 procuratione
776 1480 822 1518 libe-

179 1540 233 1573 ratus
243 1534 323 1573 modicis
332 1534 388 1586 regni
401 1534 486 1572 terminis
496 1537 588 1578 uteretur,
599 1538 664 1584 potest
677 1534 739 1572 multo
749 1534 822 1572 facilius

179 1602 200 1626 se
210 1589 312 1627 Deiotarus
324 1587 422 1625 consolari.
438 1588 473 1625 1111
484 1588 534 1625 enirn
543 1587 611 1625 frueris
621 1587 703 1625 multam
713 1588 822 1633 sustulerat,

179 1643 210 1680 hic
220 1643 293 1681 erroris.
323 1641 393 1679 Omnia
406 1646 429 1679 tu
443 1641 539 1685 Deiotaro,
552 1641 623 1686 Caesar,
634 1641 723 1687 tribuisti,
734 1655 794 1693 quum
804 1646 824 1679 et

147 1700 172 1734 30
179 1696 215 1748 ipsi
225 1701 245 1734 et
254 1697 292 1735 filio
302 1708 372 1734 nomen
381 1696 456 1747 regium
467 1695 581 1734 concessisti.
610 1695 653 1734 Hoc
663 1696 739 1734 nomine
749 1700 823 1733 retento

179 1757 238 1801 atque
254 1754 330 1788 servato
344 1749 419 1787 nullum
435 1750 549 1788 beneficium
563 1749 631 1800 populi
646 1749 734 1795 Romani,
749 1749 824 1787 nullum

177 1804 272 1856 judicium
283 1805 307 1842 de
317 1816 338 1841 51
348 1808 425 1841 senatus
434 1803 557 1841 imminutum
567 1807 624 1854 putat
630 1817 634 1849 ;
650 1817 722 1856 magno
732 1803 795 1841 amaro
805 1807 824 1840 et

179 1863 244 1896 erecto
261 1863 295 1903 est,
312 1870 348 1895 nec
364 1870 450 1908 unquam
467 1857 580 1895 succumbet
596 1856 681 1902 inimicis,
698 1870 722 1895 ne
740 1858 823 1894 fortunae

179 1911 263 1962 quidem.
293 1912 324 1949 at.
339 1910 402 1947 Multa
410 1923 430 1948 51
440 1911 543 1948 arbitratur
553 1915 573 1947 et
582 1911 680 1960 peperisse
689 1915 733 1948 ante
743 1910 798 1948 factis
806 1914 825 1947 et

148 1970 173 2004 35
179 1965 252 2002 babere
261 1964 281 2002 in
290 1964 353 2002 animo
363 1968 422 2014 atque
430 1963 507 2008 virtute,
517 1976 561 2014 quac
571 1963 689 2002 nullomodo
699 1964 760 2015 possit
770 1964 825 2001 amit-

180 2022 227 2056 tere.
254 2018 303 2063 Quae
314 2017 364 2055 enim
374 2017 451 2054 fortuna
460 2022 494 2055 aut
504 2016 545 2068 quis
556 2029 611 2054 casus
622 2021 656 2055 aut
665 2031 709 2069 quae
717 2022 771 2055 tanta
781 2030 825 2068 pos-

181 2072 205 2109 sit
214 2071 283 2122 injuria
290 2071 375 2109 omnium
381 2070 519 2121 imperatorum
527 2070 552 2109 de
561 2070 652 2109 Deiotaro
660 2071 737 2109 decreta
747 2070 824 2109 delere?

180 2126 205 2164 ab
215 2125 304 2163 omnibus
314 2129 343 2162 est
353 2124 403 2162 euim
412 2124 434 2162 iis
444 2129 528 2170 ornatus,
539 2124 577 2175 qui,
588 2129 715 2176 posteaquam
730 2125 749 2163 in
759 2124 825 2162 castris

181 2192 222 2217 esse
232 2179 296 2231 potuit
305 2191 340 2231 per
350 2182 434 2223 aetatem,
445 2179 464 2215 in
473 2178 526 2223 Asia,
536 2178 665 2229 Cappadocia,
674 2179 743 2223 Ponto,
754 2178 825 2222 Cilicia,

148 2237 174 2273 40
181 2233 237 2284 Syria
250 2233 302 2272 bella
316 2236 423 2285 gesserunt.
454 2231 537 2270 Senatus
551 2244 597 2269 aero
611 2232 684 2283 judicia
698 2232 723 2270 de
739 2232 771 2270 illo
785 2236 826 2269 tam

180 2287 242 2325 multa
249 2291 329 2338 tamque
338 2286 448 2330 honorifica,
456 2299 500 2336 quac
511 2285 592 2337 publicis
600 2286 667 2337 populi
676 2285 758 2324 Romani
767 2284 826 2322 literis

180 2341 348 2391 monumentisque
369 2339 482 2391 consignata
500 2343 550 2383 sunt,
573 2352 616 2389 quae
636 2352 721 2390 unquam
740 2342 826 2377 vetustas

181 2395 250 2433 obruet
264 2400 298 2433 aut
314 2407 358 2445 quae
375 2398 430 2431 tanta
447 2393 518 2431 delebit
535 2393 620 2431 obliuio?
650 2393 701 2438 Quid
718 2393 742 2431 de
756 2392 827 2430 11111111

182 2449 224 2500 ejus
239 2448 317 2487 dicam?
337 2447 362 2485 de
376 2446 509 2499 magnitudine
519 2446 582 2492 animi,
592 2446 694 2498 gravitate,
705 2445 827 2484 constantia?
