1738 2673
124 138 152 176 44
419 146 493 175 enarro
506 147 534 176 Ν.

156 235 198 275 haec
214 235 257 288 ipsa
267 240 286 274 et
301 235 338 275 hoc
348 249 449 275 commune
464 235 532 288 patriae
544 235 607 276 solum
621 249 681 288 quum
690 235 716 275 sit
731 248 804 282 carum,

156 294 199 327 tum
206 303 252 328 vero
262 290 319 328 dulce
329 296 387 341 atquc
395 290 519 341 jucundum?

183 343 241 381 VIII.
257 343 327 394 Operae
337 344 421 394 pretium
431 348 465 387 est,
476 343 545 381 Patres
555 343 662 394 conscripti,
673 343 804 382 libertinorum

156 396 255 435 hominum
261 396 325 435 studia
335 409 459 448 cognoscere;
475 398 507 448 qui
515 409 550 435 sua
559 397 629 435 virtute
639 397 735 435 fortunam
745 397 804 447 hujus

137 450 237 488 5ciritatis
253 450 350 489 consecuti
362 463 406 489 vere
423 451 472 488 hanc
486 463 541 488 suam
555 450 638 502 patriam
654 463 696 488 esse
708 449 803 501 judicant,

156 516 215 554 quam
231 504 309 555 quidam
324 504 355 541 bic
371 504 411 541 uati
428 510 448 542 et
462 517 538 542 summo
554 504 593 541 nati
609 505 652 542 Ioco
668 516 706 541 non
722 503 804 554 patriam

156 570 218 601 suam,
227 558 261 595 sed
271 558 339 595 urbem
349 558 432 595 hostium
443 570 484 595 esse
492 557 632 609 judicaverunt.
662 557 701 595 Sed
709 556 755 607 quid
766 570 803 608 ego

136 627 138 629 >
155 610 237 661 hujusce
247 611 317 648 ordinis
325 610 411 647 homines
422 623 556 655 commemoro⁷
568 623 616 661 quos
625 610 706 661 privatae
713 611 802 655 fortunae,

156 676 204 714 quos
215 664 320 702 communis
330 676 360 701 res
375 664 458 715 publica,
469 677 517 715 quos
531 664 612 715 denique
622 664 705 708 libertas
719 676 747 709 ea,
758 676 802 713 quae

123 720 148 754 10
156 718 266 755 dulcissima
276 722 311 761 est,
322 717 348 755 ad
362 717 445 755 salutem
460 717 527 768 patriae
542 717 682 755 defendendam
697 717 802 754 excitavit?

156 770 228 808 Servus
238 776 267 809 est
276 783 338 814 nemo,
346 771 378 821 qui
388 771 446 808 modo
455 771 549 808 tolerabili
555 771 662 808 conditione
670 771 694 808 sit
700 770 802 815 servitutis,

155 824 233 875 quinon
241 823 341 862 audaciam
347 824 417 862 civium
425 825 568 876 perhorrescat;
579 825 611 875 qui
617 837 654 861 non
661 825 704 862 haec
712 830 763 862 stare
770 837 802 862 cu-

156 878 197 929 piat
205 891 209 923 ;
225 879 303 929 quinon
310 883 402 929 quantum
413 878 473 916 audet
482 883 502 916 et
511 883 603 928 quantum
611 883 676 929 potest
686 878 771 915 conferat
777 878 803 916 ad

156 944 277 969 communem
284 932 366 968 salutem
375 931 484 969 voluntatis.
511 932 541 969 17.
552 932 616 976 Quare
626 931 641 967 si
651 944 708 982 quem
717 936 803 969 vestrum

123 987 148 1023 15
155 985 204 1023 forte
213 991 321 1023 commoret
327 984 369 1029 hoc,
374 985 425 1036 quod
432 985 518 1022 auditum
525 990 554 1023 est
561 985 747 1035 lenonemquendam
754 984 802 1022 Len-

155 1039 308 1076 tulieoncursare
315 1038 386 1076 circum
393 1040 486 1082 tabernas,
493 1039 554 1089 pretio
561 1051 638 1088 sperare
645 1038 740 1076 sollicitari
746 1051 803 1088 posse

155 1091 229 1128 animos
237 1092 334 1143 egentium
345 1096 403 1142 atque
412 1091 550 1143 imperitorum,
559 1097 588 1129 est
598 1091 617 1128 id
628 1091 705 1141 quidem
715 1095 803 1142 coeptum

155 1149 213 1195 atque
220 1150 316 1183 tentatum
324 1159 328 1190 3
339 1145 372 1182 sed
380 1145 427 1182 nulli
433 1150 478 1183 suut
487 1145 557 1182 inventi
567 1149 608 1182 tam
614 1151 648 1182 aut
657 1145 734 1182 fortuna
740 1144 803 1182 miseri

154 1206 188 1235 aut
196 1198 295 1236 voluntate
305 1198 380 1250 perditi,
387 1199 420 1248 qui
429 1211 467 1236 non
476 1199 530 1236 illum
539 1198 602 1250 ipsum
610 1198 662 1235 sellae
672 1203 730 1248 atque
740 1198 802 1249 operis

122 1255 147 1290 20
155 1257 175 1289 et
191 1258 278 1304 quaestus
294 1252 399 1304 quotidiani
412 1252 481 1298 locum,
498 1253 530 1304 qui
544 1266 582 1291 non
596 1252 658 1291 cubile
672 1265 694 1290 ac
708 1252 802 1291 lectulum

154 1319 216 1350 suum,
223 1307 256 1357 qui
265 1306 346 1357 denique
354 1319 391 1344 non
399 1320 476 1344 cursum
483 1308 533 1345 hunc
540 1308 621 1344 otiosum
628 1307 672 1345 ritae
679 1319 719 1343 suae
727 1307 809 1344 salvum

155 1372 197 1398 esse
207 1360 270 1398 velint.
291 1360 354 1398 Multo
364 1373 409 1398 vero
419 1360 501 1398 maxima
510 1373 555 1411 pars
565 1373 636 1404 eorum,
647 1361 679 1411 qui
689 1360 708 1397 in
718 1360 802 1398 tabernis

155 1421 205 1458 sunt,
223 1415 258 1452 nisi
275 1427 319 1452 vero
338 1412 365 1464 (id
381 1414 431 1451 eninr
445 1414 510 1464 potius
525 1419 555 1451 est
571 1413 681 1465 dicendum)
694 1426 754 1465 genus
765 1414 802 1451 hoc

154 1467 265 1506 universum
275 1467 425 1504 amantissimum
435 1472 464 1505 est
471 1467 508 1505 otii.
537 1467 613 1505 Etenim
624 1480 679 1505 omne
688 1466 801 1504 instrumen-

122 1525 202 1565 aarum,
214 1522 274 1558 omnis
285 1533 343 1571 opera
358 1526 416 1572 atque
426 1526 512 1571 quaestus
527 1521 633 1572 frequentia
644 1521 711 1557 civium
726 1525 800 1557 susten-

155 1571 214 1618 tatur,⁴
233 1575 290 1612 alitur·
309 1574 358 1611 otio:
378 1586 460 1625 quorum
478 1575 494 1612 si
513 1579 598 1624 quaestus
617 1574 697 1612 occlusis
717 1574 801 1612 tabernis

154 1627 214 1665 minui
223 1628 277 1671 solet,
289 1627 335 1678 quid
345 1627 423 1665 tandem
433 1627 513 1665 incensis
523 1628 610 1665 futurum
620 1627 672 1665 fuit?

182 1681 216 1718 IX.
247 1686 277 1719 18.
296 1681 344 1726 Quae
360 1693 420 1731 quum
436 1681 463 1718 ita
480 1681 522 1725 sint,
539 1681 608 1718 Patres
624 1681 730 1731 conscripti,
746 1681 801 1719 robis

155 1734 222 1786 populi
232 1734 313 1772 Romani
323 1734 412 1785 praesidia
418 1747 456 1772 non
462 1734 542 1772 desunt:
557 1747 621 1773 vosne
631 1735 703 1786 populo
714 1735 801 1773 Romano

121 1795 146 1829 30
155 1788 221 1826 deesse
232 1788 339 1831 videamini,
348 1788 453 1838 proridete.
482 1789 563 1826 Habetis
574 1788 671 1826 consulem
681 1801 705 1826 ex
715 1788 801 1839 plurimis

154 1842 243 1893 periculis
260 1841 365 1885 et,insidiis
381 1847 439 1892 atque
455 1854 479 1880 ex
495 1842 558 1880 media
573 1848 635 1880 morte
651 1855 689 1880 non
703 1842 727 1879 ad
742 1842 801 1880 vitam

155 1909 215 1940 suam,
226 1896 260 1933 sed
276 1895 301 1932 ad
315 1895 396 1933 salutem
406 1900 490 1933 vestram
504 1901 634 1940 reservatum
649 1908 715 1933 omnes
725 1895 800 1933 ordines

155 1949 180 1986 ad
197 1949 347 1987 conservandam
361 1961 402 1986 rem
419 1949 515 1999 publicam
529 1954 598 1992 mente,
610 1949 714 1993 voluntate,
730 1949 799 1994 studio,

154 2002 230 2047 virtute,
246 2014 293 2040 voce
310 2001 440 2047 consentiunt3
462 2003 541 2040 obsessa
556 2003 630 2040 facibus
646 2008 665 2040 et
678 2002 720 2040 telis
736 2002 801 2053 impiae

121 2064 146 2099 35
155 2056 290 2107 conjurationis
299 2055 353 2092 robis
363 2056 446 2106 supplex
455 2068 523 2093 manns
535 2056 596 2094 tendit
610 2056 672 2107 patria
682 2056 787 2093 communis
795 2070 800 2101 ;

154 2110 208 2148 robis
218 2122 244 2154 se,
255 2109 309 2147 vobis
319 2108 378 2146 utam
388 2110 472 2147 omnium
487 2110 561 2154 cirirun,
571 2110 625 2148 robis
635 2122 699 2148 arcem
709 2115 728 2147 ct
743 2109 800 2161 Capi-

154 2164 227 2207 tolium,
247 2163 301 2201 vobis
320 2175 363 2200 aras
382 2162 489 2208 Penatium,
507 2164 561 2202 robis
579 2163 644 2215 ignem
662 2164 715 2201 illum
733 2163 801 2201 Vestae

154 2217 298 2269 sempiternum,
309 2216 363 2255 vobis
377 2217 440 2254 omnia
455 2216 534 2255 deorum
551 2218 623 2268 templa
640 2222 698 2268 atque
713 2217 799 2262 delubra,

153 2271 207 2309 vobis
216 2283 282 2309 muros
292 2276 312 2308 et
321 2270 374 2308 urbis
384 2274 436 2308 tecta
445 2271 572 2309 commendat,
596 2271 695 2309 Praeterea
702 2271 727 2309 de
736 2275 801 2309 restra

120 2330 146 2366 40
154 2325 198 2369 rita,
214 2324 238 2362 de
253 2324 358 2377 conjugum
373 2329 479 2362 vestrarum
494 2329 552 2375 atque
567 2324 670 2363 liberorum
689 2325 757 2369 anima,
776 2324 800 2363 de

153 2378 234 2416 fortunis
249 2378 339 2421 omnium,
350 2377 375 2415 de
385 2378 468 2421 sedibus,
479 2378 504 2416 de
520 2378 567 2417 focis
580 2379 647 2416 vestris
662 2378 754 2417 hodierno
769 2378 799 2417 die

153 2432 207 2470 vobis
229 2432 356 2483 judicandum
376 2437 409 2469 est.
449 2436 480 2469 19.
504 2432 586 2470 Habetis
606 2433 676 2470 ducem
694 2445 800 2470 memorem

153 2485 216 2530 vestri,
227 2485 308 2523 oblitum
318 2485 352 2530 sui,
364 2498 407 2536 quae
417 2499 454 2523 non
464 2499 540 2536 semper
548 2487 630 2524 facultas
641 2486 698 2524 datur
704 2499 709 2530 ;
723 2486 799 2524 habetis

153 2551 219 2578 omncs
229 2538 310 2585 ordines
325 2551 390 2578 omues
400 2539 493 2586 homines,
503 2539 613 2579 universum
622 2540 717 2593 populum
726 2541 798 2579 Roma-
