1738 2673
214 50 253 76 eno
263 50 314 75 enen
324 49 415 81 11111111,
427 48 472 75 ear.
482 49 509 82 w,
519 49 537 76 v.
703 39 730 78 49

51 152 72 178 se
86 152 124 177 non
138 138 202 176 Ponto
218 151 280 189 neque
297 137 426 189 Cappadociae
443 136 520 175 latebris
534 137 631 176 occultare
645 137 696 182 velit,

51 192 86 231 sed
103 189 201 244 emeigere
215 205 226 230 e
241 192 303 243 patrio
313 204 372 244 regno
387 198 444 242 atque
460 191 478 228 in
488 191 555 229 restris
565 191 697 243 vectigalibus,

51 246 88 284 hoe
99 251 134 290 est,
145 246 163 283 11
173 246 227 283 Asiae
236 246 279 283 luce
289 245 365 282 versari,
396 250 413 283 8.
428 245 504 282 Etenim
518 245 582 283 adhuc
597 245 624 283 ita
638 245 698 283 nostri

51 313 96 338 0111
111 299 143 337 1110
152 312 198 351 rege
208 299 347 337 contenderunt
357 299 486 350 imperatores,
498 304 519 336 ut
537 299 561 337 ab
576 299 608 337 1110
618 299 698 351 insignia

51 353 142 398 victoriae,
153 366 191 391 non
200 353 299 391 victoriam
309 358 434 404 reportarent.
463 353 596 404 'l'riumphavit
606 353 627 391 L.
637 353 696 397 Sulla,
706 358 717 391 5

51 407 177 458 triumpharit
191 407 212 444 L.
224 407 305 444 Murena¹
314 407 338 444 de
348 407 466 451 Mithridate,
477 407 515 444 duo
525 407 621 445 tortissimi
631 407 665 445 viri
677 412 697 445 et

51 461 121 500 summi
139 461 269 513 imperatores,
284 460 319 498 sed
336 461 362 498 ita
378 460 525 512 triumpharunt,
543 466 566 498 ut
582 461 612 499 ille
629 462 697 513 pulsus

51 520 191 567 superatusque
210 520 305 568 regnaret.
338 514 476 552 Verumtamen
494 515 529 553 illis
549 514 697 566 imperatoribus

51 570 93 608 laus
107 574 137 607 est
149 569 256 614 tribuenda,
267 569 318 620 qnod
334 574 420 621 egerunt,
431 569 485 606 venia
500 568 570 613 danda,
587 569 637 620 qnod
654 568 697 607 reli-

51 628 135 676 querunt
141 637 145 669 ;
161 628 263 675 propterea
273 624 325 674 quod
335 624 359 662 ab
370 636 392 661 eo
402 623 453 661 bello
467 623 541 661 Sullam
551 624 569 661 in
580 624 657 662 ltaliam
666 636 697 661 res
706 626 730 661 10

51 677 135 731 publica,
145 678 246 716 Murenam
256 677 310 715 Sulla
319 678 422 715 rerocarit.

78 733 113 771 IV.
144 737 161 771 9.
176 731 298 770 Mithridates
313 737 378 769 autem
392 744 448 769 omne
459 731 553 783 reliquum
567 736 645 783 tempus
659 744 697 770 non

51 787 77 825 ad
96 786 210 825 oblivionem
226 785 294 824 veteris
314 786 364 830 belli,
382 785 416 823 sed
436 786 460 823 ad
477 785 639 837 comparationem
654 786 698 824 nori

51 841 143 880 contulit:
158 841 191 892 qui
200 845 326 891 posteaquam
337 839 429 877 maximas
440 839 555 878 aedificasset
572 846 696 892 ornassetque

51 895 127 940 0111303,
138 894 270 945 exercitusque
280 907 401 946 permagnos,
413 894 560 945 quibuscunque
570 907 594 932 ex
607 895 730 946 gentibus15

51 949 150 1001 potuisset,
161 953 292 999 comparasset
304 953 324 986 et
339 961 359 986 se
374 948 496 999 Bosporanis
507 948 590 986 finitimis
602 949 646 991 suis,
657 948 697 986 bel·

50 1003 91 1041 lum
100 1003 168 1041 inferre
178 1002 282 1052 simularet,
292 1015 353 1053 usque
363 1001 382 1039 in
392 1002 504 1053 Hispaniam
515 1002 588 1055 legat-os
599 1016 621 1040 ac
631 1002 696 1041 literas

50 1057 101 1095 misit
111 1056 136 1094 ad
151 1069 184 1095 eos
194 1055 258 1101 duces,
273 1056 388 1106 quibuscum
402 1060 444 1093 tum
454 1056 526 1094 bellum
536 1056 657 1108 gerebamus,
667 1061 696 1102 ut,

50 1124 111 1162 quum
126 1110 202 1148 duobus
217 1110 236 1147 in
251 1110 297 1147 10013
314 1109 466 1161 disjunctissimis
482 1110 601 1161 maximeque
618 1110 697 1148 diversis

50 1177 89 1202 uno
103 1164 180 1203 consilio
195 1176 207 1201 a
222 1164 270 1201 binis
287 1163 371 1201 hostium
386 1163 444 1214 copiis
462 1163 534 1201 bellum
550 1169 601 1201 terra
611 1164 697 1215 marique
705 1169 731 1204 20

50 1224 155 1271 gereretur,
165 1230 200 1256 vos
210 1217 288 1269 ancipiti
297 1217 417 1255 contentione
428 1217 508 1255 districti
519 1217 543 1256 de
552 1218 632 1268 imperio
642 1218 696 1256 dimi-

51 1273 125 1311 caretis.
147 1276 177 1310 io.
188 1271 228 1310 Sed
238 1277 303 1309 tamen
309 1271 387 1309 alterius
395 1271 454 1323 partis
462 1271 574 1322 perieulum,
582 1272 696 1310 Sertorianae

50 1331 109 1377 atque
119 1325 257 1377 Hispaniensis,
268 1338 312 1376 quae
321 1325 382 1363 11111110
400 1325 444 1377 plus
459 1326 575 1364 firmamenti
591 1338 614 1364 10
623 1326 697 1364 roboris

50 1379 142 1425 habebat,
158 1379 193 1418 On.
209 1379 296 1430 Pompeii
313 1379 376 1417 1111110
390 1379 467 1417 consilio
483 1393 505 1417 ao
522 1379 612 1431 singulari
626 1380 697 1417 virtute

50 1434 154 1485 depulsum
165 1438 206 1478 est;
220 1433 239 1471 in
249 1434 310 1471 altera
326 1437 381 1484 parte
391 1433 417 1471 ita
426 1446 457 1471 res
467 1447 478 1471 1
492 1433 514 1472 L.
524 1433 611 1478 Lucullo,
622 1439 730 1475 3111111025

49 1487 96 1532 viro,
107 1492 137 1525 est
147 1486 282 1532 administrata,
293 1491 315 1524 ut
329 1486 381 1524 initia
395 1487 427 1524 illa
440 1500 504 1525 rerum
518 1492 617 1539 gestarum
627 1500 697 1539 magna

50 1545 108 1591 atque
124 1541 217 1592 praeclara
226 1554 264 1578 non
280 1541 365 1579 felicitati
376 1541 423 1592 ejus
434 1540 469 1578 sed
484 1541 555 1585 virtuti,
573 1541 614 1578 haec
631 1547 697 1579 autem

50 1600 141 1640 extrema,
159 1607 203 1646 quae
219 1607 281 1645 nuper
298 1594 414 1638 acciderunt,
428 1607 466 1632 non
480 1595 548 1646 cnlpae,
565 1595 599 1632 sed
615 1595 697 1632 fortunae

49 1648 152 1686 tribuenda
162 1660 204 1685 esse
213 1647 319 1686 videantur.
348 1647 388 1685 Sed
398 1648 423 1685 de
437 1648 518 1685 Lucullo
529 1648 590 1686 dicam
600 1648 637 1685 alio
647 1648 695 1693 loeo,

50 1707 69 1740 et
78 1701 105 1738 ita
115 1701 183 1745 dicam,
192 1701 279 1746 Quirites,
287 1706 310 1738 11
319 1713 381 1751 neque
387 1714 432 1738 vera
441 1701 507 1739 lausei
517 1701 604 1739 detracta
611 1702 695 1740 oratione
703 1707 730 1742 30

49 1758 115 1792 nostra
129 1767 191 1805 neque
206 1755 255 1792 falsa
271 1754 335 1791 afficta
354 1766 395 1791 esse
412 1754 516 1793 rideatur„
536 1760 565 1792 11.
588 1755 618 1792 De
637 1756 696 1793 restri

49 1807 123 1858 imperii
137 1808 230 1859 dignitate
240 1812 298 1858 atque
313 1807 380 1860 gloria,
391 1808 481 1858 quoniam
494 1808 510 1845 is
521 1813 550 1846 est
564 1821 643 1846 exorsus
654 1821 695 1846 ora-

49 1861 105 1900 tionis
119 1874 174 1907 meae,
184 1861 254 1906 videte,
265 1874 324 1912 quem
332 1861 386 1900 robis
404 1861 487 1899 animum
501 1862 645 1914 suscipiendum
660 1876 696 1914 pu-

49 1914 100 1953 tetis.
149 1930 152 1937 ·

76 1968 101 2006 V.
120 1968 204 2020 Majores
220 1969 280 2007 nostri
299 1981 351 2020 saepe
367 1969 507 2008 mercatoribus
523 1974 557 2007 1111
577 1969 729 2012 11110111111135

49 2021 157 2074 injuriosius
171 2022 258 2061 tractatis
272 2023 322 2061 bella
332 2028 444 2075 gesserunt:
459 2036 493 2061 ros
503 2028 532 2061 tot
540 2023 616 2062 milibus
627 2024 696 2061 civium

50 2074 181 2113 Romanorum
198 2089 236 2114 uno
250 2076 317 2114 nuntio
336 2082 395 2127 atque
411 2090 449 2114 uno
464 2082 552 2128 tempore
568 2078 641 2116 necatis
658 2090 696 2128 quo

49 2129 129 2167 tandem
143 2130 207 2167 animo
221 2142 263 2168 esse
277 2129 367 2168 debetis?
395 2130 464 2182 Legati
478 2131 530 2182 quod
541 2136 595 2168 erant
604 2131 696 2182 appellati

50 2182 158 2232 superbius,
174 2183 289 2221 Corinthum
303 2188 368 2235 patres
382 2185 446 2228 vestri,
463 2184 523 2222 totius
541 2185 622 2222 Graeciae
631 2185 697 2222 lumen

50 2235 165 2273 exstinctum
180 2248 222 2274 esse
236 2237 348 2275 voluerunt:
363 2250 398 2275 vos
414 2250 458 2275 eum
473 2250 539 2289 regem
554 2238 637 2276 inultum
654 2250 695 2276 esse
703 2244 730 2279 40

50 2288 153 2338 patiemini,
164 2289 196 2340 qui
211 2289 297 2342 legatum
310 2290 378 2342 populi
392 2291 473 2328 Romani
487 2291 606 2328 consularem
615 2290 695 2329 1111011111

50 2352 72 2378 ae
82 2341 192 2381 verberibus
209 2348 267 2394 atque
284 2344 335 2382 omni
350 2344 444 2396 supplicio
459 2344 589 2382 excruciatum
604 2344 695 2383 necarit?

49 2392 80 2432 Illi
89 2394 198 2434 libertatem
208 2397 277 2435 civium
287 2397 419 2436 Romanorum
428 2398 547 2436 imminuta-m
553 2411 591 2436 non
597 2399 684 2436 tulerunt
689 2411 695 2443 ;

49 2459 84 2486 vos
92 2448 153 2493 ritem
162 2454 249 2500 ereptam
261 2450 380 2503 negligetis?
407 2451 420 2491 J
421 2465 444 2490 us
457 2451 558 2503 legationis
567 2452 627 2491 rerbo
636 2452 695 2495 riola⁷

374 2510 385 2542 5
