1738 2673
191 101 194 104 ¹
232 69 272 96 Pae
282 69 336 96 enen
345 68 452 103 nnrornuo,
463 68 509 97 etr.
519 70 547 97 rx.
721 65 746 102 91

63 164 130 198 utrum
146 170 225 196 oausam
241 157 293 196 illam
310 157 380 196 victam
397 171 439 196 esse
453 158 556 203 nesciebat,
572 171 596 196 an
613 158 713 197 Caecilium

63 214 122 252 istum
131 225 224 265 magnum
240 212 337 250 hominem
354 213 451 264 putabat?
466 225 524 263 quem
541 213 629 264 profecto
643 212 664 258 is,
680 212 713 263 qui

64 267 136 318 optime
145 271 221 303 nostros
236 266 322 304 homines
332 266 390 310 novit,
401 267 432 304 vel
448 267 492 317 quia
501 273 567 304 nosset
576 266 607 304 rel
621 267 665 317 quia
675 279 712 304 non

63 326 134 365 nosset,
153 324 288 358 contemneret.
318 324 348 357 24.
364 320 427 358 Addit
441 320 499 358 etiem
513 319 566 364 illud,
584 320 657 371 equites
673 333 712 357 non

63 373 145 426 optimos
155 374 233 412 misisse.
263 373 333 419 Credo,
345 373 419 418 besam
434 374 481 412 nihil
490 373 515 412 ad
526 378 581 412 tuum
592 374 711 425 equitatum,
720 382 731 416 5

62 429 97 466 sed
106 428 158 465 misit
168 440 192 465 ex
206 428 233 471 iis,
244 440 292 478 quos
302 428 375 472 habuit,
388 428 479 465 delectos.
507 429 537 465 At
546 428 610 466 nescio
620 441 677 479 quem
687 441 711 465 ex

62 495 85 520 eo
99 494 179 519 numero
193 494 270 518 serrum
284 481 397 532 judicatum.
419 481 472 519 Non
486 481 573 526 arbitror,
584 494 622 519 non
636 481 700 519 audiri
705 495 710 526 ;

62 535 96 575 sed
113 535 132 573 in
146 549 175 581 eo,
186 535 243 574 etiam
258 535 273 574 si
290 534 395 580 accidisset,
407 535 485 588 culpam
502 536 551 588 regis
564 535 636 574 nullam
652 535 711 574 fuisse

62 590 169 629 arbitrarer.

89 645 123 683 IX.
144 644 214 682 Alieno
234 649 299 682 autem
318 648 366 682 ate
385 644 447 682 animo
464 644 577 695 quomodo?
614 644 744 697 Speravit,10

62 699 125 743 credo,
137 698 222 736 difficiles
236 699 271 736 tibi
280 698 410 736 Alexandreae
422 699 464 735 fore
477 698 539 736 exitus
555 704 634 750 propter
648 700 710 751 regio-

60 766 108 790 num
122 759 213 789 naturam
227 758 247 790 et
263 752 351 789 fluminis.
380 752 410 789 At
424 765 446 789 eo
456 757 543 802 tempore
557 753 599 803 ipso
610 754 711 803 pecuniam

62 806 122 850 dedit,
133 806 238 844 exercitum
248 805 307 850 aluit;
323 806 345 850 ei,
357 819 414 856 quem
424 804 478 843 Asiae
493 806 614 857 praefeceras,
625 806 678 844 nulla
691 806 710 845 in

61 872 82 898 re
92 859 166 904 defuit,
181 859 216 898 tibi
225 860 292 898 victori
301 873 339 897 non
349 859 411 897 solum
422 859 447 897 ad
457 859 567 910 hospitium,
579 861 613 898 sed
623 860 648 897 ad
661 861 709 912 peri-

62 914 126 951 culum
144 914 202 951 etiam
216 920 274 965 atque
288 914 313 950 ad
327 914 388 950 aciem
404 918 477 964 praesto
492 914 533 950 fuit.
564 919 595 953 25.
616 914 709 951 Secutum
719 921 743 955 15

61 974 91 1006 est
106 968 178 1006 bellum
188 968 314 1013 Africanum,
329 981 397 1020 graves
415 968 439 1005 de
456 973 475 1005 te
489 981 586 1013 rumores;
602 968 634 1019 qui
652 968 710 1006 etiam

61 1022 154 1060 furiosum
164 1022 218 1060 illum
227 1022 326 1060 Caecilium
337 1021 473 1060 excitauerunt.
499 1022 541 1067 Quo
551 1027 593 1060 tum
603 1035 636 1060 rex
646 1023 709 1061 animo

60 1076 113 1113 fuit?
128 1076 161 1126 qui
177 1076 299 1114 auctionatus
313 1076 338 1114 sit
355 1088 434 1127 seseque
449 1075 531 1127 spoliare
546 1076 634 1114 maluerit
651 1089 710 1127 quam

60 1130 96 1168 tibi
109 1130 211 1181 pecuniam
226 1142 264 1167 non
278 1130 427 1168 subministrare.
455 1130 484 1166 At
499 1142 527 1173 eo,
539 1130 605 1180 inquit,
622 1135 710 1181 tempore

60 1184 103 1234 ipso
113 1185 202 1222 Nicaeam
211 1184 350 1235 Ephesumque
360 1183 455 1227 mittebat,
466 1184 498 1233 qui
511 1197 598 1222 rumores
608 1183 710 1222 Africanos
719 1189 744 1224 20

61 1238 171 1290 exciperent
181 1243 200 1276 et
215 1237 301 1276 celeriter
311 1237 336 1275 ad
351 1250 371 1276 se
381 1237 479 1276 referrent.
509 1237 577 1288 Itaque
589 1251 649 1288 quum
659 1242 710 1276 esset

61 1291 78 1330 ei
94 1292 211 1336 nunciatum,
222 1292 328 1330 Domitium
345 1291 445 1344 naufragio
462 1291 539 1344 perisse,
556 1298 574 1330 te
590 1292 610 1330 in
631 1292 710 1330 castello

61 1345 202 1391 circumsederi,
218 1346 243 1384 de
264 1346 349 1383 Domitio
368 1345 416 1382 dixit
434 1358 511 1382 versum
532 1346 624 1383 Graecum
642 1347 711 1383 eadem

61 1399 161 1444 sententia,
172 1412 210 1450 qua
220 1400 278 1437 etiam
287 1412 322 1437 nos
333 1400 427 1437 habemus
437 1399 538 1436 Latinum:

184 1479 256 1511 Peredut
264 1481 319 1517 amici,
327 1480 366 1511 dnm
376 1483 409 1511 rina
416 1481 477 1511 inimici
485 1480 582 1511 intercidant
718 1488 729 1521 2
732 1489 743 1522 5

61 1560 113 1612 quod
122 1560 159 1605 ille,
171 1560 187 1598 si
197 1565 247 1598 esset
257 1560 292 1598 tibi
306 1559 450 1604 inimicissimus,
462 1572 561 1611 nunquam
576 1564 640 1598 tamen
653 1561 709 1599 dixis-

61 1620 101 1652 set:
123 1615 164 1666 ipse
181 1614 231 1651 enim
248 1619 366 1658 mansuetus,
383 1628 450 1651 uersus
465 1615 556 1651 immanis.
591 1615 628 1660 Qui
645 1621 710 1653 autem

61 1668 146 1706 Domitio
156 1673 233 1719 poterat
247 1681 289 1706 esse
299 1668 377 1711 amicus,
388 1667 421 1719 qui
431 1667 465 1706 tibi
476 1674 527 1706 esset
536 1668 638 1706 inimicus?
667 1669 710 1708 Tibi

61 1735 119 1773 porro
128 1722 215 1760 iuimicus
225 1735 259 1760 cur
271 1725 327 1765 esset,
338 1734 349 1758 a
360 1734 397 1772 quo
408 1734 467 1772 quum
478 1721 508 1759 rel
523 1721 602 1760 interfici
612 1723 656 1761 belli
666 1723 709 1775 lege

61 1776 161 1827 potuisset,
169 1788 235 1828 regem
245 1780 265 1813 et
275 1788 295 1813 se
305 1780 324 1813 et
334 1775 394 1812 filium
404 1788 460 1812 suum
468 1775 582 1813 constitutos
590 1789 632 1814 esse
642 1778 708 1814 memi-
717 1785 743 1818 30

60 1830 135 1867 nisset?
164 1833 195 1867 26.
211 1829 263 1874 Quid
273 1829 357 1867 deinde?
372 1829 450 1866 furcifer
460 1843 498 1880 quo
508 1830 645 1880 progreditur?
668 1830 709 1875 Ait,

24 1887 27 1891 '
51 1884 97 1921 hac
112 1883 180 1922 laetitia
189 1883 303 1922 Deiotarum
312 1883 385 1922 elatum
395 1883 439 1921 vino
453 1896 474 1922 se
484 1884 576 1928 obruisse,
586 1884 606 1922 in
616 1885 709 1923 convivio-

61 1950 98 1988 que
108 1937 182 1976 nudum
192 1937 296 1976 saltavisse.
327 1937 375 1983 Quae
386 1950 433 1975 crux
442 1938 487 1975 huic
497 1938 578 1990 fugitivo
589 1943 654 1990 potest
664 1940 710 1977 satis

62 1991 151 2043 supplicii
170 1991 255 2030 afferre?
292 1991 406 2030 Deiotarum
429 1992 532 2029 saltantem
552 1992 653 2045 quisquam
676 1998 710 2031 aut

62 2045 136 2083 ebrium
145 2046 193 2084 vidit
209 2046 311 2098 unquam?
340 2045 411 2084 Omnes
428 2046 448 2084 in
464 2047 496 2084 illo
506 2053 551 2084 sunt
567 2060 613 2098 rege
624 2047 709 2092 maures,
718 2056 743 2090 35

62 2099 114 2149 quod
124 2106 149 2144 te,
162 2100 232 2145 Oaesar,
242 2102 331 2153 ignorare
342 2113 380 2138 non
390 2100 477 2145 arbitror,
488 2101 522 2139 sed
537 2102 636 2153 praecipue
645 2102 710 2154 singu-

61 2152 106 2191 laris
116 2160 135 2191 et
152 2154 264 2193 admiranda
278 2154 392 2207 frugalitas:
408 2154 443 2193 etsi
457 2154 494 2194 hoc
509 2155 568 2193 verbo
583 2155 621 2193 scio
636 2155 711 2194 laudari

62 2219 128 2258 regem
135 2220 173 2245 non
183 2208 249 2247 solere.
278 2208 339 2261 Frugi
353 2209 450 2247 bominem
461 2209 498 2247 dici
511 2221 549 2246 non
558 2210 641 2247 multum
651 2211 710 2248 habet

62 2260 125 2298 laudis
139 2261 158 2299 in
171 2274 217 2315 rege
224 2275 229 2306 3
243 2263 319 2309 fortem,
335 2263 415 2315 justum,
431 2275 524 2306 seuerum,
534 2275 620 2314 gravem,
630 2276 710 2315 magna-

63 2314 141 2359 nimum,
152 2315 234 2367 largum,
245 2317 358 2362 beneficum,
373 2317 476 2361 liberalem,
491 2318 522 2354 hae
537 2321 582 2354 sunt
596 2317 654 2369 regiae
668 2317 744 2360 lau-40

63 2367 109 2413 des,
123 2368 156 2406 illa
163 2369 238 2419 privata
248 2375 283 2409 est.
312 2371 340 2409 Ut
346 2370 398 2409 volet
408 2371 488 2422 quisque
496 2370 587 2422 accipiat;
602 2378 711 2423 egotamen

63 2421 200 2474 frugalitatem,
210 2423 230 2462 id
244 2430 279 2470 est,
294 2425 409 2464 modestiam
419 2430 439 2463 et
455 2425 608 2477 temperantiam,
619 2426 711 2464 uirtutem

63 2476 166 2515 maximam
178 2476 251 2529 judico.
280 2478 330 2517 Haec
343 2478 364 2517 in
372 2479 405 2518 illo
415 2483 445 2518 est
457 2480 482 2518 ab
491 2479 568 2517 ineunte
578 2483 638 2519 aetate
652 2492 712 2532 quum
