1738 2673
424 293 461 333 IN

184 431 240 505 L.
277 432 701 507 CATILINAM

333 622 433 660 ORATIO
448 621 548 659 TERTIA

309 774 353 822 lu
381 774 570 828 Quintius,

142 1063 158 1101 Ι.
191 1067 208 1100 1.
229 1063 276 1100 Risu
291 1074 398 1105 ruunrcnu,
415 1061 504 1107 Quirites,
519 1063 617 1113 uteroque
632 1063 717 1100 omnium
731 1076 763 1100 ve-

116 1122 183 1160 strum,
194 1117 244 1154 boun
253 1117 345 1160 fortunas,
356 1115 449 1167 conjuges
456 1115 565 1167 liberosque
573 1123 647 1155 vestros
657 1122 715 1168 utque
725 1116 762 1154 boc

117 1170 234 1208 domicilium
256 1170 355 1207 clarissimi
373 1169 451 1218 imperii,
469 1169 639 1207 fortunatissimam
659 1170 762 1221 pulcherri-

116 1236 207 1273 mamque
216 1224 285 1261 urbem
295 1223 387 1261 hodierno
397 1222 428 1259 dic
438 1222 518 1260 deorum
533 1223 670 1261 immortalium
687 1236 762 1269 summo

96 1281 107 1314 5
116 1290 162 1328 ergo
172 1290 206 1314 uos
216 1289 286 1320 amore,
298 1275 395 1314 laboribus
406 1276 488 1313 consiliis
496 1277 584 1327 periculis
594 1277 640 1315 meis
651 1290 675 1314 cu
684 1277 763 1314 dommo

115 1335 174 1380 atquc
183 1330 234 1367 ferro
244 1343 266 1367 ac
277 1342 331 1381 paene
342 1343 365 1367 ex
374 1329 462 1366 faucibus
479 1330 514 1366 fnti
524 1336 610 1380 ereptum
620 1336 640 1368 et
654 1330 707 1368 vobis
718 1343 761 1367 con-

116 1389 213 1421 servatum
227 1396 249 1421 nc
259 1383 368 1421 restitutum
377 1382 450 1420 uidetis.
480 1387 497 1421 2.
513 1383 543 1427 Et,
555 1384 570 1421 si
584 1397 622 1422 non
636 1383 698 1421 minus
707 1384 762 1421 nobis

114 1437 195 1488 jucundi
209 1442 267 1488 atque
284 1437 367 1473 illustres
380 1441 425 1473 suut
440 1436 453 1472 ii
468 1436 514 1480 dies,
534 1437 604 1486 quibus
621 1449 761 1481 conservamur,

115 1503 173 1541 quum
187 1490 219 1534 illi,
237 1490 306 1541 quibus
320 1489 420 1534 noscimur,
436 1490 487 1540 quod
502 1490 568 1527 salutis
583 1495 636 1528 certo
649 1490 716 1528 loetitiu
725 1495 760 1535 est,

83 1544 206 1582 renascendi
216 1544 288 1582 inccrtu
298 1543 386 1587 conditio,
398 1548 417 1580 et
427 1543 478 1593 quod
489 1544 528 1581 sine
538 1556 595 1581 sensu
605 1544 705 1588 nascimur,
717 1557 761 1582 cum

114 1598 215 1648 voluptate
229 1610 333 1641 servamur,
344 1597 437 1648 profecto,
449 1597 538 1647 quonium
552 1597 611 1642 illum,
624 1598 656 1648 qui
670 1598 719 1635 bunc
729 1610 760 1634 ur-

114 1651 159 1689 bem
175 1651 265 1695 condidit,
285 1651 309 1688 nd
325 1650 371 1688 deos
388 1650 505 1688 immortales
523 1651 655 1689 benevolentia
671 1651 761 1701 fumoque

114 1704 231 1749 sustulimus,
250 1717 292 1742 esse
306 1704 359 1754 apud
374 1717 408 1741 uos
423 1708 549 1755 posterosque
565 1710 639 1742 vestros
656 1704 673 1741 in
689 1704 760 1742 honore

115 1758 193 1796 debebit
202 1759 224 1803 is,
236 1759 268 1809 qui
278 1758 359 1796 condem
371 1758 421 1795 hanc
432 1758 500 1796 urbem
510 1758 606 1796 conditam
616 1759 760 1809 amplificatam-

83 1815 152 1862 l5que
167 1813 255 1850 ser-vovit.
283 1812 336 1849 Nam
350 1812 386 1849 toti
400 1811 449 1855 urbi,
467 1812 544 1862 templis
561 1812 651 1856 delubris,
668 1811 724 1849 tectis
739 1823 760 1849 ao

114 1865 210 1902 moenibus
227 1866 325 1916 subjectos
342 1877 403 1915 prope
417 1865 458 1915 jam
473 1864 527 1916 ignes
544 1865 710 1915 circumdatosque
730 1877 759 1901 re-

115 1918 215 1956 stinximus
225 1918 320 1968 iidemque
331 1918 405 1969 gladios
415 1919 434 1954 in
443 1931 483 1955 rem
494 1918 590 1967 publicam
598 1918 698 1955 destrictos
708 1923 760 1955 retu-

115 1971 178 2008 dimus
191 1983 330 2020 mucronesque
344 1983 410 2008 eorum
420 1983 431 2007 a
443 1970 515 2021 jugulis
525 1970 593 2007 restris
603 1971 712 2020 dejecimus.
742 1975 759 2008 3.

115 2025 164 2070 Qnae
174 2025 263 2075 quonium
272 2024 291 2061 in
301 2029 369 2061 senatu
383 2023 483 2067 illustrata,
494 2023 597 2073 patefacto,
608 2028 706 2073 compertu
715 2029 761 2061 sunt

82 2080 107 2114 20
115 2091 150 2129 per·
159 2091 196 2122 me,
207 2078 260 2116 uobis
269 2078 309 2129 jum
320 2089 414 2128 exponam
425 2077 513 2120 breuiter,
524 2077 613 2122 Quirites,
624 2081 675 2114 utet
689 2082 760 2127 quanto

115 2137 135 2169 et
145 2144 203 2182 quam
208 2131 309 2168 manifesto
317 2135 336 2167 et
346 2143 384 2180 qun
389 2131 462 2167 ratione
468 2129 582 2181 investigato
592 2136 612 2167 et
621 2131 760 2181 comprehensu

114 2186 157 2229 sint,
168 2198 208 2230 ros,
219 2185 252 2236 qui
261 2184 359 2235 ignoratis,
370 2196 394 2221 ex
404 2183 451 2221 actis
461 2183 509 2220 scire
519 2183 601 2234 possitis.

140 2239 243 2290 Principio,
254 2243 276 2276 ut
291 2237 372 2275 Catilina
382 2237 449 2289 paucis
463 2243 508 2275 ante
518 2237 585 2275 diebus
596 2238 659 2288 erupit
672 2250 695 2275 ex
704 2238 758 2283 urbe,

114 2307 174 2344 quum
190 2293 266 2331 sceleris
286 2292 315 2329 sui
334 2291 401 2335 socios,
419 2291 500 2342 hujusce
518 2290 585 2328 nefarii
599 2291 644 2329 belli
658 2292 759 2329 acerrimos

82 2348 106 2382 25
115 2347 174 2384 duces
184 2347 252 2383 Rornae
261 2345 374 2397 reliquisset,
383 2356 460 2396 semper
465 2344 541 2396 vigilari
551 2348 570 2381 et
580 2344 659 2394 providi,
671 2345 759 2390 Quirites,

114 2400 279 2451 quemadmodum
295 2400 314 2437 in
328 2399 387 2436 tantis
404 2403 424 2436 et
440 2402 481 2435 tum
494 2398 611 2436 absconditis
626 2398 696 2437 insidiis
713 2399 761 2438 solui

113 2467 155 2492 esse
165 2466 272 2505 possemus.
