1738 2673
255 79 295 106 eno
305 79 356 105 unca
365 77 459 113 Mauram,
470 79 514 106 car,
525 79 551 106 rx.
729 71 756 108 53

74 172 228 223 persequeretur,
238 167 367 219 dissipavisse‚
374 172 397 205 ut
406 180 473 206 eorum
481 167 568 206 collectio
578 166 666 219 dispersa
675 180 723 206 mae-

74 236 144 276 rorque
164 222 238 276 patrius
257 222 374 260 celeritatem
394 221 521 274 persequendi
539 221 652 260 retardaret.
690 222 722 261 sic

75 277 198 315 Mithridates
214 276 290 328 fugiens
304 276 409 313 maximam
418 277 457 314 vim
467 275 509 313 auri
523 280 581 326 atque
591 275 666 327 argenti
679 277 722 327 pul-

75 332 251 381 cherrimarumque
260 343 325 368 rerum
335 329 425 374 omnium,
436 342 483 380 quas
494 334 513 367 et
527 342 539 366 a
548 329 653 381 majoribus
667 343 721 369 acce-

74 390 135 437 perat,
147 389 166 424 et
175 384 216 436 ipse
227 383 277 422 bello
292 383 389 435 superiore
399 396 423 422 ex
432 388 474 422 tota
484 383 532 422 Asia
542 383 627 435 direptas
637 384 656 421 in
665 386 741 422 suum5

73 452 155 492 regnum
165 442 294 490 congesserat,
304 438 323 474 in
337 438 400 476 Ponto
410 451 487 475 omnem
502 437 583 489 reliquit.
612 437 661 475 Haec
675 438 722 476 dum

73 493 133 531 nostri
140 493 232 545 colligunt
242 492 305 529 omnia
315 491 429 543 diligentius,
437 505 471 530 ren
480 492 522 543 ipse
532 490 638 530 emanibus
648 492 721 544 effugit.

73 547 104 584 Ita
113 547 168 584 illum
176 560 189 584 a
198 545 325 596 persequendi
338 545 402 583 studio
417 559 493 590 maeror,
504 545 540 583 hos
554 544 622 584 letitia
631 546 721 585 tardavit.

74 604 105 639 23,
121 599 179 638 Hunc
193 600 212 637 iu
226 598 258 637 illo
273 598 340 637 timore
355 603 374 636 et
390 599 437 651 fuga
451 599 549 651 Tigranes,
563 611 597 636 rex
610 599 720 645 Armenius,

74 654 149 706 excepit
166 653 322 703 diffidentemque
337 653 395 691 rebus
411 653 449 690 suis
462 653 580 691 confirmavit
594 658 613 690 et
628 653 754 692 afflictumlll

73 709 134 746 erexit
143 708 280 759 perditumque
290 707 394 744 recrearit:
410 707 465 758 cujus
475 707 494 744 in
503 720 584 757 regnum
594 712 722 758 posteaquam

72 762 94 800 L.
105 761 198 799 Lucullus
213 774 257 799 cum
267 759 351 798 exercitu
361 760 418 804 venit,
434 761 499 812 plures
509 760 567 799 etiam
577 765 644 812 gentes
655 766 721 799 contra

73 815 207 867 imperatorem
223 818 311 853 nostrum
328 814 429 852 concitata
445 819 495 852 suut.
529 813 577 851 Erat
592 814 642 851 enim
657 819 720 852 metus

73 869 154 921 injectus
169 869 191 907 iis
207 868 321 912 nationibus,
339 881 387 918 quas
403 881 501 919 nunquam
520 868 604 919 populus
621 868 721 906 Romanus

73 936 134 974 neque
143 922 264 961 lacessendas
275 922 325 960 bello
335 934 397 972 neque
404 922 506 959 tentandas
516 922 602 973 putarit;
614 927 655 960 erat
662 922 720 961 ctiam
728 924 752 960 15

73 977 108 1015 alia
116 977 180 1029 graiis
189 981 248 1027 atque
258 976 361 1014 vehemens
372 976 440 1027 opinio
452 988 496 1027 quae
505 989 540 1026 per
550 976 623 1015 animos
632 977 720 1028 gentium

73 1031 197 1069 barbararum
210 1034 327 1082 pervaserat,
342 1029 381 1066 fani
395 1029 539 1080 locupletissimi
549 1034 569 1067 et
585 1030 720 1081 religiosissimi

71 1084 172 1135 diripiendi
182 1095 240 1122 causa
256 1083 276 1120 iu
289 1095 321 1120 eas
332 1095 374 1121 oras
385 1089 472 1121 nostrum
486 1096 528 1121 esse
543 1084 648 1121 exercitum
657 1084 719 1121 addu-

71 1142 130 1176 ctum.
159 1138 190 1175 Ita
208 1137 294 1175 nationes
310 1136 377 1174 mulrae
394 1143 452 1188 atque
470 1149 547 1188 magnae
565 1150 615 1175 ncvc
635 1137 719 1188 quodam

71 1195 144 1229 terrore
160 1204 182 1229 ac
199 1195 253 1228 metu
268 1189 418 1228 concitabantur.
453 1190 525 1228 Noster
539 1194 604 1228 autem
618 1191 751 1235 exercitustO

71 1244 148 1283 tametsi
164 1245 233 1282 urbem
247 1257 270 1282 ex
284 1243 361 1295 Tigrani
376 1256 436 1296 regno
456 1248 534 1296 ceperat
549 1249 568 1282 et
585 1244 657 1295 proeliis
672 1257 718 1282 usus

16 1316 18 1325 =
71 1303 113 1336 erat
122 1298 217 1343 secundis,
228 1303 292 1336 tamen
302 1298 359 1334 nimia
368 1298 507 1350 longinquitate
517 1299 603 1335 locorum
613 1311 635 1336 ac
643 1298 718 1337 deside-

72 1352 98 1390 rio
106 1365 185 1389 suorum
196 1352 358 1390 commovebatur.
388 1356 419 1389 24.
435 1352 471 1389 Hic
484 1352 525 1403 jam
535 1352 591 1402 plura
601 1365 639 1390 non
649 1352 717 1390 dicam.

72 1405 116 1444 Fuit
126 1406 176 1444 euim
185 1404 233 1443 illud
243 1410 355 1450 extremum,
366 1409 389 1443 ut
398 1418 422 1444 ex
435 1405 457 1444 iis
470 1404 517 1443 locis
526 1418 538 1442 a
547 1405 639 1444 militibus
648 1406 718 1444 nostris

71 1460 144 1498 reditus
153 1459 215 1512 magis
224 1464 312 1497 maturus
322 1471 380 1510 quam
394 1459 491 1511 processio
505 1459 580 1512 longior
590 1466 717 1510 quaereretur:
725 1463 750 1498 25

72 1513 193 1551 Mithridates
203 1518 267 1551 autem
282 1518 301 1550 et
311 1525 366 1550 suain
375 1526 454 1551 manum
465 1514 506 1565 jam
516 1513 637 1551 confirmarat
648 1512 676 1565 [et
686 1527 717 1552 eo-

72 1581 120 1612 rum,
135 1568 167 1618 qui
184 1581 204 1605 se
220 1581 243 1605 ex
260 1567 319 1619 ipsius
336 1579 396 1619 regno
413 1566 538 1620 collegerant]
557 1571 576 1605 et
592 1568 667 1620 magnis
683 1568 717 1607 ad-

71 1622 155 1659 venticiis
170 1621 242 1659 auxiliis
256 1620 362 1659 multorum
379 1634 447 1673 regum
457 1627 476 1659 et
490 1622 589 1659 nationum
606 1622 716 1674 jurabatur.

72 1674 116 1713 lam
130 1675 166 1713 hoc
181 1675 221 1713 fere
231 1674 257 1712 sic
272 1674 313 1712 fieri
323 1674 383 1711 solere
393 1675 507 1725 accepimus,
518 1680 540 1712 ut
555 1687 623 1727 regum
641 1676 717 1713 afflictae

70 1728 152 1765 lortunae
171 1728 226 1766 facile
240 1729 345 1765 multorum
362 1741 409 1778 opes
423 1728 505 1766 alliciant
519 1728 544 1765 ad
561 1729 749 1774 misericordiam,30

70 1781 190 1832 maximeque
200 1795 271 1824 eorum
282 1782 315 1832 qui
324 1786 358 1818 aut
372 1794 427 1833 reges
438 1786 482 1819 sunt
492 1787 526 1820 aut
535 1782 602 1819 vivunt
614 1783 633 1820 in
643 1796 715 1835 regno:

70 1840 91 1873 ut
108 1833 147 1887 [iis]
165 1849 235 1874 nomen
251 1835 315 1887 regale
329 1847 421 1886 magnum
436 1842 456 1874 et
472 1842 560 1874 sanctum
570 1848 612 1875 esse
621 1836 715 1876 rideatur.

71 1893 101 1929 25.
117 1889 185 1941 ltaque
195 1893 270 1928 tautum
277 1889 339 1928 rictus
350 1889 425 1928 efficere
435 1890 503 1941 potuit,
515 1895 608 1942 quantum
617 1891 716 1930 incolumis

70 1956 167 1995 nunquam
177 1948 207 1983 est
216 1956 274 1982 ausus
284 1950 356 1996 optare.
378 1944 430 1982 Nam
440 1958 500 1995 quum
510 1958 530 1983 se
540 1945 559 1983 iu
568 1957 649 1997 regnum
659 1958 716 1983 suum

71 1997 179 2048 recepisset,
191 2010 229 2035 non
246 1998 283 2035 fuit
302 2011 324 2036 eo
344 2003 451 2042 contentus,
469 2000 521 2049 quod
541 2000 557 2037 ei
574 2005 645 2049 praeter
661 2004 747 2050 spem35

70 2052 170 2097 acciderat,
181 2058 203 2091 ut
212 2052 269 2097 illam,
280 2057 407 2104 posteaquam
418 2053 485 2105 pulsus
495 2058 541 2098 erat,
549 2058 621 2091 terram
630 2067 715 2105 unquam

70 2106 178 2158 attingeret,
189 2107 252 2145 sedin
262 2107 367 2145 exercitum
376 2113 463 2145 nostrum
474 2108 546 2146 clarum
556 2112 614 2159 atque
623 2108 715 2146 rictorem

69 2159 163 2211 impetum
176 2161 227 2199 fecit.
258 2161 318 2200 Sinite
332 2161 369 2199 hoc
383 2160 431 2206 loco,
445 2161 533 2208 Quirites,
544 2162 593 2200 sicut
607 2168 670 2213 poeta
684 2174 714 2200 50-

69 2213 114 2258 lent,
134 2214 167 2264 qui
186 2227 216 2253 res
235 2215 332 2253 Romanas
352 2215 443 2260 scribunt,
463 2216 560 2267 praeterire
579 2228 610 2253 me
628 2222 714 2253 nostram

68 2267 203 2312 calamitatem,
214 2282 258 2320 quae
271 2274 325 2307 tanta
340 2269 381 2313 fuit,
397 2275 419 2307 ut
433 2282 475 2307 eam
485 2269 509 2307 ad
524 2282 580 2307 aures
594 2269 714 2320 imperatoris
721 2271 746 2307 40

69 2333 106 2358 non
116 2334 140 2359 ex
149 2322 217 2373 proelio
228 2324 311 2368 nuntius,
322 2323 356 2361 sed
366 2336 390 2361 ex
398 2336 484 2361 sermone
494 2336 559 2361 rumor
568 2323 650 2361 afferret.
680 2327 712 2361 26.

69 2374 105 2413 Hic
124 2375 143 2412 in
161 2376 194 2415 illo
213 2377 255 2428 ipso
273 2378 324 2415 malo
343 2377 492 2429 gravissimaque
509 2377 554 2416 belli
572 2376 674 2415 offensione
690 2376 713 2415 L.

68 2427 166 2475 Lucullus,
178 2430 210 2482 qui
224 2436 289 2469 tamen
299 2432 362 2483 aliqua
372 2444 396 2469 ex
406 2437 461 2484 parte
470 2431 492 2469 iis
506 2430 631 2470 incommodis
641 2431 714 2469 mederi

66 2481 149 2522 rorasse
162 2485 262 2537 potuisset,
272 2490 337 2524 vestro
351 2485 409 2537 jussu
423 2491 507 2532 coactus
519 2485 572 2538 quod
588 2485 662 2538 imperii
671 2485 713 2525 diu·

378 2540 402 2578 5*
