1738 2673
117 60 144 102 78
440 72 513 100 611116

150 162 215 201 modo.
253 163 300 214 Ipse
317 163 399 215 jubebat
416 163 482 209 occidi,
500 163 553 202 nulle
570 162 693 215 postulante3
715 161 800 214 praemiis

150 217 208 255 etiam
216 217 309 256 invitabat
317 231 320 263 3
336 231 380 269 quae
387 222 451 255 tamen
459 217 562 256 crudelitas
570 218 594 255 ab
605 218 641 256 hoc
648 217 717 255 eodem
726 216 799 267 aliquot

149 271 203 309 annis
213 276 263 324 post,
274 285 332 323 quem
342 277 364 309 tu
373 285 424 309 nune
434 272 533 309 crudelem
542 284 584 309 esse
594 272 627 316 vis,
639 271 734 310 vindicata
744 274 779 308 est.

177 326 201 363 V.
216 326 259 379 Ego
269 339 314 364 vero
328 325 380 364 istud
394 339 432 363 non
446 325 529 376 postulo,
540 325 619 376 inquies.
648 326 680 364 Ita
689 325 799 363 mehercule

129 379 243 425 5611511110,
254 381 335 418 Tubero.
364 379 414 417 Nori
425 379 474 416 enim
485 384 509 423 te,
518 380 562 417 novi
572 384 653 430 patrem,
663 379 708 416 novi
718 379 798 417 domum

148 447 257 485 nomenque
266 439 365 478 uestrum;
380 433 444 471 studia
460 433 535 485 generis
549 446 572 471 ac
589 432 665 471 familiae
676 437 746 470 vestrae
761 433 797 470 vir-

148 488 201 532 tutis,
213 488 342 531 humanitatis,
353 487 452 531 doctrinae,
464 487 590 538 plurimarum
600 487 670 525 artium
680 491 738 537 atque
748 487 797 537 opti-

147 554 223 579 marum
238 547 284 579 nota
298 541 344 579 mihi
360 546 409 579 sunt.
446 545 476 579 13.
498 541 568 591 ltaque
586 547 638 579 certo
655 541 694 578 scio
710 553 744 578 vos
760 553 797 578 non

148 601 214 646 petere
228 595 346 648 sanguinem.
375 595 414 634 Sed
431 608 500 647 parum
517 595 621 633 attenditis.
652 595 692 633 Res
710 595 759 632 enim
774 607 797 632 eo

115 652 228 700 lOspcctat‚
244 656 267 687 ut
284 662 306 687 ea
323 662 387 701 poena,
405 650 424 687 in
438 662 476 700 qua
492 649 556 687 adhuc
573 649 596 694 Q.
616 649 704 701 Ligarius
719 649 748 694 sit,
759 661 797 686 non

147 704 249 741 rideamini
260 717 302 742 esse
308 704 397 742 contenti.
414 704 461 748 Qum
472 708 501 741 est
508 703 566 755 igitur
576 704 612 741 alia
622 710 694 754 przeter
700 703 796 741 mortem?

147 757 169 795 si
183 757 233 795 enim
243 763 272 795 est
287 757 305 795 in
320 757 391 802 exsilio,
406 757 462 795 sicuti
476 762 511 802 est,
522 757 568 807 quid
583 757 665 808 amplius
680 757 795 808 postulatis?

147 824 177 856 an,
193 825 217 850 ne
232 811 358 863 ignoscatur?
396 812 439 849 Hoc
455 824 500 848 vero
517 811 578 848 multo
593 812 680 849 acerbius
696 811 796 862 multoque

147 865 219 904 durius.
247 866 304 910 Quod
314 878 348 903 nes
359 863 428 917 [domi]
439 866 523 916 petimus
537 865 632 915 precibus,
643 865 730 909 lacrimis,
741 865 796 902 strati

113 923 138 958 15
147 919 172 956 ad
191 920 256 970 pedes,
277 923 370 957 nontam
385 925 456 956 nostrae
477 931 540 956 causeo
559 919 640 956 fidentes
661 932 719 970 quam
737 919 795 970 hujus

146 973 265 1018 humanitati,
283 973 341 1010 idne
356 973 487 1024 impetremus,
504 973 614 1023 pugnabis?
637 977 656 1010 et
672 973 691 1010 in
708 978 796 1011 nostrum

146 1027 213 1065 fletum
223 1027 334 1078 irrumpes?
349 1031 369 1064 et
378 1040 413 1065 nos
421 1026 507 1078 jacentes
518 1026 543 1063 ad
558 1026 617 1077 pedes
628 1027 738 1078 supplicum
748 1040 795 1065 rece

146 1081 272 1132 prohibebis?
302 1085 333 1119 14.
349 1080 375 1125 Si,
386 1094 446 1132 quum
461 1080 498 1118 hoc
513 1080 565 1118 domi
581 1081 695 1125 faceremus,
709 1081 761 1132 quod
776 1085 795 1118 61

146 1135 226 1173 fecimus
237 1140 262 1179 et,
273 1139 295 1172 ut
312 1148 374 1186 spere,
384 1148 422 1173 nou
439 1135 511 1172 frustra
525 1134 611 1179 fecimus,
622 1139 644 1172 tu
653 1142 732 1186 repente
747 1136 795 1172 irru-

113 1192 138 1227 20
146 1189 207 1240 pisses
218 1194 237 1227 61
248 1189 330 1227 clamare
341 1189 444 1239 coepisses:
460 1194 472 1209 “
479 1188 500 1226 O.
510 1188 582 1233 Ceesar,
592 1202 637 1227 care
647 1189 740 1241 ignoscas,
749 1201 795 1226 cave

146 1247 165 1280 te
174 1242 257 1280 fratrum
268 1256 303 1293 pro
313 1243 377 1280 fratris
385 1243 447 1280 salute
456 1243 596 1279 obsecrantium
604 1242 693 1280 misereat
700 1242 717 1286 ,⁷⁷
732 1255 794 1280 nonne

146 1309 222 1334 omnem
236 1297 376 1334 humanitatem
386 1296 488 1334 exuisses?
517 1295 594 1341 Quanto
608 1296 645 1335 hoc
658 1296 730 1341 durius,
742 1296 794 1348 quod

145 1363 180 1387 nos
199 1349 251 1388 domi
266 1350 355 1401 petimus,
371 1350 391 1388 id
408 1355 452 1387 ate
466 1350 485 1387 in
498 1350 540 1387 foro
557 1350 680 1401 oppugnari?
698 1357 717 1388 te
733 1351 750 1388 in
760 1350 795 1388 tali

145 1403 221 1441 miseria
230 1404 336 1441 multorum
346 1403 456 1455 perfugium
465 1403 600 1441 misericordiae
611 1404 693 1442 tollere?
715 1409 744 1443 15.
760 1404 793 1442 Di-

112 1460 137 1496 25
146 1470 189 1495 cam
198 1458 261 1508 plane,
273 1457 344 1502 Oaesar,
355 1458 408 1508 quod
415 1457 481 1495 sentio.
506 1457 527 1494 Si
536 1457 555 1494 in
565 1459 601 1495 hac
610 1462 665 1495 tanta
674 1463 708 1495 tua
717 1459 794 1496 fortuna

144 1511 213 1549 lenitas
222 1517 277 1549 tauta
287 1525 324 1549 non
334 1517 390 1556 esset,
402 1516 494 1561 quantam
508 1516 530 1548 tu
545 1525 579 1563 per
593 1516 618 1556 te,
629 1525 664 1562 per
673 1517 698 1556 te,
709 1512 792 1563 inquam,

145 1564 219 1603 obtines
231 1564 329 1618 (intelligo,
340 1565 386 1616 quid
403 1564 485 1617 loquar),
497 1565 619 1604 acerbissimo
633 1566 687 1603 luctu
697 1566 792 1604 redunda-

144 1624 174 1657 ret
189 1618 226 1657 ista
235 1619 319 1658 rictoria.
349 1619 412 1665 Quam
427 1619 483 1657 multi
500 1619 550 1657 enim
565 1624 628 1657 essent
644 1619 668 1657 de
682 1619 792 1664 uictoribus,

145 1673 177 1724 qui
193 1678 212 1710 te
222 1673 319 1711 crudelem
334 1685 376 1711 esse
386 1673 462 1717 vellent,
474 1686 533 1724 quum
544 1674 601 1711 etiam
616 1672 640 1711 de
650 1674 705 1711 116115
721 1675 792 1724 reperi-

110 1730 136 1765 30
144 1728 216 1764 antur?
231 1741 289 1778 quam
300 1727 361 1771 multi,
372 1728 409 1778 qui,
421 1741 480 1777 quum
491 1740 502 1764 a
519 1733 538 1764 te
553 1727 626 1779 ignosci
636 1727 705 1765 nemini
715 1728 791 1772 vellent,

143 1780 258 1831 impedirent
273 1781 393 1819 clementiam
409 1785 469 1825 tuam,
484 1794 544 1831 quum
558 1781 617 1819 etiam
632 1781 649 1825 ii,
666 1782 735 1832 quibus
749 1781 791 1832 ipse

143 1833 238 1886 ignovisti,
249 1835 309 1872 nolint
324 1840 344 1872 16
354 1847 396 1873 6556
410 1834 429 1872 in
439 1834 486 1873 alios
500 1834 658 1872 misericordem?
688 1839 718 1874 16.
735 1835 792 1881 Quod

144 1889 159 1925 si
170 1889 251 1938 probare
262 1888 335 1926 Oaesari
345 1901 445 1939 possemus
455 1888 474 1924 in
483 1888 551 1925 Africa
560 1889 658 1940 Ligarium
669 1889 745 1927 omnino
755 1902 792 1926 non

143 1941 215 1985 fuisse;
230 1942 245 1978 si
255 1942 336 1979 honesto
351 1946 370 1978 et
384 1941 502 1978 misericordi
511 1942 610 1978 mendacio
621 1942 678 1979 saluti
692 1942 728 1980 civi
742 1944 791 1980 cala-

110 1995 214 2033 35mitoso
230 2008 272 2033 6556
288 1995 386 2039 vellemus,
404 2000 470 2032 tamen
486 1994 568 2033 hominis
582 2008 621 2032 non
636 2001 687 2034 esset
702 1996 721 2034 in
738 2001 792 2034 tanto

144 2049 252 2087 discrimine
262 2054 281 2086 et
291 2048 376 2100 periculo
387 2048 432 2087 ciuis
447 2049 533 2086 refellere
543 2054 563 2087 61
576 2049 693 2102 redarguere
705 2056 792 2088 nostrum

142 2102 275 2142 mendacium:
296 2102 348 2148 6151
364 2107 415 2141 esset
424 2102 510 2154 alicujus,
522 2102 563 2154 ejus
578 2107 630 2141 certe
644 2116 682 2141 non
692 2109 748 2149 esset,
759 2103 792 2156 qui

142 2157 162 2194 in
172 2156 241 2195 eadem
256 2169 314 2195 causa
328 2161 347 2194 61
364 2156 442 2194 fortuna
456 2156 529 2194 fuisset.
559 2156 599 2195 Sed
616 2162 680 2195 tamen
696 2158 748 2196 aliud
762 2162 791 2196 651

143 2223 206 2248 errare
217 2211 315 2249 Caesarem
325 2210 382 2254 nolle,
393 2209 445 2247 aliud
458 2210 509 2248 nolle
518 2210 608 2249 misereri.
637 2212 690 2249 Tunc
705 2211 790 2249 diceres:

108 2266 134 2302 40
143 2265 234 2309 “Gaesar,
250 2277 296 2303 caue
317 2263 396 2303 credas:
411 2264 448 2301 fuit
462 2264 481 2301 in
495 2263 574 2310 Africa;
596 2265 640 2303 tulit
654 2278 708 2302 arma
725 2271 791 2303 eontra

143 2318 180 2356 te.'’
215 2319 272 2357 Nunc
293 2318 340 2370 quid
359 2318 421 2356 dicis‘?
457 2317 528 2356 “Cave
546 2319 654 2371 ignescas.'’
690 2319 739 2357 Haec
755 2332 790 2357 nec

141 2372 223 2411 hominis
240 2386 275 2411 nec
291 2373 317 2411 ad
332 2373 429 2410 hominem
446 2384 483 2410 von
500 2377 540 2409 est:
555 2386 594 2424 qua
609 2374 641 2424 qui
656 2373 709 2425 apud
724 2379 749 2419 te,
768 2373 789 2411 O.

142 2427 215 2470 Caesar,
235 2427 301 2472 utitur,
322 2439 377 2465 suam
396 2426 451 2464 citius
471 2426 549 2478 abjiciet
567 2428 713 2471 humanitatem,
731 2440 790 2478 quam

141 2480 263 2532 extorquebit
272 2485 332 2519 tuam.
