1738 2673
207 56 280 84 011110
294 57 354 84 1111
368 55 484 90 oarrmuau,
495 55 539 83 car.
550 57 613 89 11,111.
738 46 765 83 39

84 158 149 184 meum
165 145 286 184 consulatum
300 145 326 183 ad
341 145 424 184 salntem
439 144 564 197 reipublicae
579 157 641 197 prope
653 144 732 183 fatalem

85 200 195 251 erstitisset

111 253 139 292 Π.
168 259 186 292 3.
201 254 270 299 Quare,
280 253 349 292 Patres
364 253 471 305 conscripti,
480 252 573 291 consulite
582 253 643 298 vobis,
658 252 732 304 prospi-

84 307 121 346 cite
135 307 208 359 patriae,
226 311 338 346 conseruate
352 320 391 352 uos,
408 307 506 359 conjuges,
521 307 592 345 liberos
606 307 731 358 fortunasque

84 366 163 406 vestras,
174 361 242 413 populi
255 361 339 399 Romani
354 374 424 398 nomen
434 360 555 411 salutemque
572 360 674 405 defendite,
685 360 750 398 milii5

84 427 163 467 parcere
178 428 200 453 ac
214 415 238 454 de
252 428 283 453 me
298 414 381 466 cogitare
396 414 480 453 desinite.
510 414 561 452 Nam
575 414 659 465 primum
669 414 731 453 debeo

84 481 161 520 sperare
171 482 237 508 omnes
252 468 304 513 dees
319 469 352 520 qui
361 469 406 506 huic
415 468 458 507 urbi
471 468 580 519 praesident
591 482 627 519 pro
641 481 664 506 eo
678 469 730 513 milri,

84 536 106 561 ac
114 536 193 568 mereor,
204 523 298 562 relaturos
308 535 350 561 esse
359 522 452 574 gretiam3
467 522 542 566 deinde,
553 522 568 560 si
578 521 624 573 quid
634 522 729 574 obtigerit,

84 589 140 628 aequo
155 577 218 615 animo
235 581 341 629 paratoque
358 576 432 615 moriar.
461 576 512 613 Nam
527 589 589 627 neque
602 577 665 628 turpis
679 589 730 614 mors

83 631 129 668 forti
144 631 184 669 viro
201 635 266 682 potest
281 630 368 668 accidere
387 643 449 680 neque
465 630 567 667 immatura
584 630 678 668 consulari
694 631 763 667 10010

83 685 153 722 misera
163 684 248 737 sapienti.
277 684 319 721 Nec
325 688 390 721 tamen
399 696 435 735 ego
444 696 486 721 sum
496 684 527 721 ille
537 684 615 728 ferreus,
623 684 656 735 qni
665 684 730 721 fratris

84 738 174 776 carissimi
193 743 213 776 et
231 737 355 776 amantissimi
379 737 478 789 praesentis
497 749 577 775 maerore
596 750 634 775 nun
652 750 730 775 movear

83 792 190 843 horumque
209 792 293 829 omnium
312 791 399 835 lacrimis,
418 803 429 827 a
446 791 514 841 quibus
533 804 564 829 me
583 791 730 829 circumsessum

83 845 157 884 ridetis.
186 846 255 896 Neque
269 858 332 883 meam
346 851 430 882 mentem
446 857 483 882 non
498 844 577 882 domum
590 857 642 895 saepe
652 848 730 883 revocat

84 899 191 937 exanimata
200 912 248 937 uror
258 903 277 936 et
287 900 362 950 abjecta
369 903 422 936 metu
432 898 469 936 filia
477 904 496 936 et
506 898 597 949 parrmlus
607 898 662 942 filius,
671 911 729 949 quem
738 898 762 934 15

83 953 129 990 milri
138 952 214 991 videtin
223 953 314 1003 amplecti
328 965 358 989 res
368 951 445 1002 publica
455 956 553 1003 tamqnam
564 951 650 990 obsidem
661 965 728 990 consu-

83 1006 134 1043 latus
150 1006 199 1050 mei3
219 1018 281 1056 neque
295 1006 332 1049 ille,
347 1005 379 1056 qui
396 1011 510 1056 exspectans
527 1005 585 1057 hujus
602 1006 674 1043 exitum
691 1005 729 1043 diei

83 1059 148 1097 adstat
157 1060 176 1097 11
186 1064 290 1111 conspectu
299 1072 343 1097 meo
353 1072 417 1110 gener.
441 1058 520 1096 Moveor
530 1059 560 1096 lris
569 1060 627 1097 rebus
635 1059 728 1103 omnibus,

83 1113 117 1150 sed
131 1113 201 1151 ineam
212 1118 292 1164 partem,
302 1112 330 1150 uti
345 1112 392 1150 salvi
402 1113 439 1150 sint
449 1112 547 1150 vobiscum
563 1125 635 1156 omnes,
646 1112 729 1150 etiamsi

82 1179 113 1203 me
123 1167 151 1203 vis
161 1166 224 1217 aliqua
234 1166 356 1217 oppresserit,
367 1166 430 1217 potius
445 1178 503 1215 quam
519 1170 538 1203 et
547 1165 573 1203 illi
583 1173 602 1203 et
612 1179 646 1203 nos
657 1179 695 1203 una
702 1165 729 1204 rei
737 1167 762 1201 20

83 1219 165 1270 publicae
180 1225 235 1271 peste
243 1231 350 1270 pereamus.
379 1223 397 1257 4.
414 1219 483 1264 Quare,
498 1219 567 1256 Patres
582 1219 689 1270 conscripti,
700 1220 728 1257 in-

83 1274 166 1311 cumbite
176 1273 201 1311 ad
216 1273 297 1311 salutem
307 1272 333 1310 rei
344 1272 439 1324 publicae;
454 1272 593 1323 circumspicite
603 1286 668 1310 omnes
685 1286 728 1324 pro-

82 1327 145 1371 cellas,
156 1339 200 1377 quae
209 1326 326 1378 impendent,
337 1326 371 1363 nisi
386 1326 495 1376 providetis.
524 1326 568 1363 Non
583 1326 609 1364 Ti.
622 1326 727 1370 Gracchus,

82 1380 134 1431 quod
148 1380 218 1418 iterum
232 1380 319 1418 tribunus
334 1380 386 1430 plebi
401 1379 440 1417 fieri
451 1379 517 1424 uoluit,
528 1392 566 1417 101
584 1380 606 1417 O.
622 1380 727 1425 Gracchus,

82 1434 134 1484 qnod
151 1433 235 1486 agrarios
252 1434 347 1471 concitare
364 1438 444 1471 conatus
461 1437 496 1477 est,
513 1446 551 1471 non
567 1433 589 1471 L.
607 1433 727 1478 Saturninus,
736 1435 761 1470 25

81 1487 133 1538 quod
152 1487 173 1525 O.
184 1487 297 1525 Memmium
314 1486 388 1531 occidit,
405 1486 424 1524 11
439 1486 540 1524 discrimen
549 1487 626 1537 aliquod
641 1493 699 1538 atque
709 1487 728 1524 in

81 1545 151 1578 vestrae
165 1541 270 1579 severitatis
285 1540 380 1591 judicium
394 1540 508 1578 adducitur:
524 1546 614 1578 tenentur
627 1540 645 1585 ii,
656 1541 688 1590 qni
702 1540 728 1578 ad

80 1594 134 1631 urbis
143 1594 256 1638 incendium,
267 1594 292 1631 ad
303 1599 386 1631 vestram
397 1594 482 1631 omnium
497 1593 575 1638 eaedem,
586 1594 611 1631 ad
626 1593 728 1631 Catilinam

81 1647 213 1698 accipiendum
233 1647 301 1685 Romae
321 1648 437 1684 restiterunt.
478 1646 575 1684 Tenentur
593 1646 653 1685 literae
673 1647 728 1699 signa

80 1713 155 1743 manus,
166 1700 247 1751 denique
261 1700 317 1737 nnius
331 1700 425 1750 cujusque
435 1700 538 1743 ocnfessio;
553 1700 679 1737 sollicitantur
691 1700 726 1737 Al·
735 1702 760 1736 30

81 1753 182 1805 lobroges;
203 1752 279 1791 servitia
294 1753 413 1796 excitantur;
436 1752 517 1790 Catilina
531 1753 642 1797 arcessitur;
663 1753 727 1791 idest

81 1806 148 1844 initum
159 1806 263 1851 consilium,
273 1811 296 1843 ut
309 1806 413 1844 interfectis
424 1806 511 1844 omnibus
521 1819 577 1844 nemo
587 1820 611 1844 ne
620 1807 645 1844 ad
660 1807 726 1858 deplo-

81 1860 163 1898 randum
173 1859 250 1910 quidem
264 1859 331 1911 populi
345 1859 426 1897 Romani
440 1872 509 1898 nomen
518 1865 577 1911 atque
587 1860 612 1898 ad
621 1860 727 1899 lamentan-

81 1913 127 1951 dam
136 1914 185 1951 ta-nti
194 1913 267 1964 imperii
277 1913 406 1951 calamitatem
415 1913 538 1964 relinquatur.

108 1967 146 2005 ΙΙΙ.
176 1973 192 2006 5.
208 1967 257 2006 Haec
268 1968 330 2006 omnia
339 1967 410 2005 indices
421 1967 537 2012 detulerunt,
546 1966 572 2006 rei
582 1968 663 2006 confessi
670 1972 726 2013 sunt;
735 1970 760 2005 35

81 2033 115 2058 vos
132 2021 197 2059 multis
215 2022 256 2073 jam
273 2021 350 2072 judiciis
367 2021 478 2072 judicastis:
503 2022 592 2073 primum,
613 2022 665 2072 quod
681 2022 728 2060 mihi

82 2074 153 2126 gratias
172 2074 238 2127 egistis
257 2075 385 2126 singularibus
404 2075 473 2119 verbis,
493 2080 513 2113 et
527 2088 570 2112 mea
584 2074 655 2112 virtute
669 2081 727 2126 atque

82 2128 181 2180 diligentia
195 2128 314 2179 perditorum
329 2128 427 2167 hominnm
442 2128 593 2180 conjurationem
610 2129 727 2180 patefactam

82 2193 125 2219 esse
136 2181 257 2220 decretistis:
273 2182 342 2220 deinde
352 2182 404 2233 quod
415 2182 436 2220 P.
447 2182 556 2226 Lentulum,
567 2187 589 2220 ut
598 2195 619 2220 se
630 2183 728 2220 abdicaret

81 2239 172 2285 praetrna,
189 2235 277 2287 coegistis
285 2249 290 2281 ;
304 2240 347 2273 tum
364 2235 416 2286 quod
431 2249 475 2273 eum
489 2241 508 2273 et
524 2241 603 2279 ceteros,
618 2236 642 2274 de
657 2236 726 2287 quibus
734 2237 761 2273 40

80 2287 186 2338 judicastis,
194 2289 213 2326 11
224 2289 330 2327 custodiam
340 2289 414 2327 dandos
424 2289 528 2333 censuistis,
537 2289 663 2339 maximeque,
674 2289 727 2340 quod

81 2353 125 2378 meo
139 2343 214 2380 nomine
229 2343 389 2394 supplicationem
403 2342 518 2387 decrevistis,
535 2342 567 2393 qui
582 2342 643 2380 honos
659 2348 727 2395 togato

82 2394 159 2433 habitus
169 2401 213 2434 ante
222 2410 253 2434 me
264 2402 293 2435 est
303 2396 382 2441 nemini;
398 2403 495 2447 postremo
505 2397 594 2435 hesterno
605 2396 635 2435 die
648 2396 727 2448 praemia

82 2446 151 2499 legatis
160 2449 290 2501 Allobrogum
305 2450 385 2501 [litoque
395 2451 495 2489 Volturcio
510 2450 589 2488 dedistis
603 2451 725 2502 amplissima.
