1738 2673
109 106 136 142 60
430 112 503 140 enarro
620 102 634 128 ⁸

143 199 217 240 deatur.
246 204 279 240 48.
300 201 370 253 Itaque
387 214 424 239 non
440 215 483 240 sum
496 201 644 253 praedicaturus,
662 206 744 254 quantas
759 200 791 241 ille

142 267 173 292 res
180 254 233 292 domi
240 255 318 299 militiae,
327 262 378 292 terra
388 255 473 306 marique
480 261 590 306 quantaque
600 256 690 294 felicitate
700 256 782 307 gesserit
785 269 791 301 3

142 313 164 345 ut
181 308 223 359 ejus
239 321 315 359 semper
324 308 455 346 uoluntatibus
472 322 509 347 non
525 309 584 346 modo
601 309 652 347 cives
669 310 790 355 assenserint,

142 361 188 400 socii
198 363 354 415 obtemperarint,
369 363 434 401 hostes
444 362 555 408 obedierint,
566 362 600 401 sed
611 363 668 401 etiam
677 363 729 402 venti
742 369 790 402 tem·

122 421 267 468 5pestatesque
277 416 435 455 obsecundarint:
450 417 487 454 hoe
497 416 608 455 brerissime
619 417 686 461 dicam,
694 418 790 455 neminem

142 482 227 520 unquam
242 476 282 508 tam
294 470 425 521 impudentem
439 470 504 515 fuisse,
515 470 548 521 qui
562 470 587 508 ab
602 470 637 508 diis
651 470 789 509 immortalibus

142 528 172 561 tot
181 530 201 561 et
215 529 279 562 tantas
288 537 319 561 res
329 524 399 561 tacitus
411 524 492 561 auderet
501 530 575 575 optare,
586 530 633 574 quot
643 529 663 562 et
672 531 754 574 quantas
764 524 790 563 dii

140 575 258 615 immortales
268 577 292 614 ad
303 577 338 614 On.
348 576 463 627 Pompeium
474 576 595 615 detulerunt:
611 578 663 628 quod
673 584 695 615 ut
709 578 735 615 illi
745 591 789 629 pro-

141 629 205 681 prium
218 642 241 668 ae
255 635 372 682 perpetuum
386 630 415 675 sit,
427 630 516 676 Quirites,
532 643 592 681 quum
602 631 707 668 eommunis
722 632 789 669 salutis

108 690 133 725 10
141 690 199 734 atque
209 685 289 736 imperii,
300 690 342 721 tum
357 684 417 735 ipsius
433 685 515 722 hominis
525 697 588 730 causa,
597 685 653 723 sicuti
662 685 729 730 facitis,
740 685 789 723 velle

141 742 161 775 et
170 743 237 788 optare
247 738 327 776 debetis.

168 794 199 830 le.
216 791 280 837 Quare
290 805 350 844 quum
360 795 379 830 et
388 791 461 830 bellum
471 791 495 830 sit
504 791 531 829 ita
541 792 675 836 necessarium,
685 796 708 830 ut
717 790 789 844 negligi

140 857 179 883 non
186 846 252 897 possit,
261 846 287 884 ita
293 859 391 898 magnum,
400 851 422 883 ut
428 846 570 884 accuratissime
577 846 601 884 sit
609 846 787 892 administrandum,

140 904 160 936 et
170 912 230 948 quum
240 900 257 937 ei
266 901 402 950 imperatorem
412 900 509 950 praeficere
519 900 601 950 possitis,
609 901 628 938 in
638 913 676 950 quo
686 901 710 937 sit
720 900 788 937 eximia

107 959 132 995 15
140 952 186 990 belli
195 953 278 998 seientia,
290 952 389 1006 singularis
400 953 465 998 virtus,
477 952 582 991 clarissima
591 953 700 998 auctoritas,
711 953 788 1005 egregia

140 1006 223 1052 fortuna,
234 1007 351 1051 dubitabitis,
370 1007 459 1053 Quirites,
474 1007 519 1058 quin
533 1008 570 1045 hoe
584 1014 660 1045 tantum
675 1008 724 1053 boni,
736 1008 788 1059 quod

139 1060 194 1098 vobis
211 1062 235 1099 ab
252 1061 288 1099 diis
304 1061 443 1099 immortalibus
461 1061 547 1098 oblatum
558 1067 577 1099 et
592 1062 659 1099 datum
669 1067 704 1106 est,
719 1062 738 1099 in
747 1074 788 1099 rem

140 1114 238 1165 publicam
248 1115 398 1154 conservandam
408 1120 466 1166 atque
477 1115 630 1166 amplificandam
640 1115 759 1153 conferatis?

166 1169 232 1206 XVII.
261 1174 293 1208 50.
309 1169 366 1215 Quod
376 1170 392 1206 si
402 1170 470 1207 Romae
482 1169 517 1206 On.
526 1170 631 1220 Pompeius
641 1170 727 1220 privatus
737 1174 788 1207 esset

106 1228 132 1263 20
140 1221 177 1260 hoe
189 1229 283 1274 tempore,
294 1228 359 1261 tamen
374 1223 400 1260 ad
417 1228 493 1260 tuntum
510 1223 580 1260 bellum
592 1223 607 1260 is
617 1228 659 1260 erat
673 1222 787 1274 deligendus

139 1281 198 1326 atque
208 1277 318 1315 mittendus.
337 1276 400 1321 Nune,
411 1290 471 1328 quum
481 1276 506 1314 ad
517 1282 590 1315 ceteras
601 1289 685 1315 summas
695 1276 787 1315 utilitates

139 1330 183 1367 haee
199 1343 275 1381 quoque
292 1331 426 1382 opportunitas
441 1330 564 1382 adjungatur,
582 1336 603 1367 ut
617 1331 635 1368 in
649 1330 671 1368 iis
685 1331 731 1382 ipsis
740 1330 787 1368 loeis

139 1383 195 1428 adsit,
206 1392 229 1422 ut
242 1385 313 1422 habeat
328 1384 438 1429 exercitum,
450 1391 471 1421 ut
484 1385 509 1422 ab
518 1384 540 1422 iis
556 1384 588 1435 qui
605 1385 683 1429 habent,
700 1383 787 1435 accipere

139 1437 205 1475 statim
215 1438 280 1489 possit,
291 1438 337 1489 quid
347 1444 482 1489 exspectamus
489 1439 497 1475 ’1
508 1443 542 1475 eut
559 1452 593 1475 eur
608 1451 646 1475 non
661 1439 741 1476 ducibus
752 1437 787 1475 diis

106 1497 131 1532 25
139 1491 278 1530 immortalibus
293 1491 361 1536 eidem,
373 1491 403 1529 eui
418 1497 481 1529 cetera
495 1504 570 1529 summa
585 1505 628 1529 eum
643 1492 705 1529 salute
714 1491 742 1529 rei
751 1504 786 1542 pu-

140 1545 195 1583 blicae
206 1546 307 1583 commissa
321 1551 372 1589 sunt,
382 1546 419 1583 hoc
429 1557 506 1597 quoque
516 1545 587 1583 bellum
594 1546 670 1597 regium
680 1545 786 1583 committa-

139 1599 199 1636 mus?

167 1657 198 1691 51.
214 1652 243 1691 At
257 1652 307 1690 enim
324 1652 353 1690 vir
368 1652 488 1696 clarissimus,
499 1652 640 1690 amrmtissimus
654 1652 681 1690 rei
698 1652 786 1703 publieae,

139 1707 207 1744 vestris
218 1707 314 1744 benefieiis
329 1706 450 1757 amplissimis
460 1706 546 1750 affectus,
565 1706 587 1752 Q.
599 1706 686 1751 Catulus,
702 1706 786 1757 itemque

105 1766 131 1801 30
139 1760 218 1798 summis
232 1761 348 1798 ornamentis
361 1760 438 1798 honoris
451 1759 541 1804 fortunae,
552 1760 627 1798 uirtutis
636 1760 706 1812 ingenii
715 1760 785 1811 praedi-

139 1818 176 1857 tus,
187 1814 210 1859 Q.
221 1814 342 1859 Hortensius,
353 1814 424 1851 abbae
436 1814 508 1851 ratione
519 1813 643 1851 dissentiunt:
658 1827 740 1864 quorum
750 1826 786 1865 ego

138 1867 273 1906 auctoritatem
289 1868 342 1919 apud
359 1880 393 1905 ros
410 1867 475 1905 multis
491 1863 537 1905 locis
555 1867 659 1918 plurimum
669 1867 751 1905 valuisse
767 1873 786 1906 et

138 1922 203 1959 valere
213 1926 302 1972 oportere
312 1923 404 1960 confiteor
410 1935 415 1966 ;
430 1920 463 1958 sed
478 1921 497 1958 in
510 1921 546 1958 hae
556 1933 619 1965 eausa,
631 1921 707 1959 tametsi
717 1934 786 1973 eogno-

139 1975 196 2013 scetis
206 1976 330 2013 auctoritates
345 1974 449 2012 contrarias
459 1974 542 2012 viromm
556 1974 701 2012 fortissimorum
713 1981 732 2012 et
749 1975 786 2012 ela-

105 2035 130 2069 35
139 2028 263 2073 rissimorum,
273 2034 339 2066 tamen
349 2028 422 2066 omissis
432 2027 577 2066 arroteritatibus
594 2027 636 2079 ipsa
646 2041 666 2066 re
681 2040 703 2066 ac
713 2029 786 2067 ratione

139 2082 238 2132 exquirere
248 2095 351 2133 possumus
360 2081 473 2127 veritatem3
488 2086 546 2132 atque
560 2082 597 2119 1100
607 2081 686 2126 facilius,
697 2082 749 2132 quod
764 2095 787 2119 ea

139 2136 207 2180 omnia,
225 2148 269 2186 quae
284 2148 296 2172 a
309 2148 341 2173 me
358 2135 422 2173 adhuc
439 2135 492 2174 dieta
508 2141 558 2180 sunt,
573 2135 631 2173 iidem
645 2136 676 2173 isti
685 2148 730 2173 vera
744 2149 786 2174 esse

138 2189 252 2234 concedunt,
261 2195 281 2228 et
291 2190 419 2228 necessarium
429 2189 501 2228 bellum
511 2202 552 2228 esse
563 2195 582 2227 et
591 2203 683 2241 magnum
693 2190 738 2227 etin
747 2203 786 2228 uno

139 2244 174 2281 Gn.
184 2243 277 2295 Pompeio
287 2256 362 2281 summa
372 2255 414 2281 esse
427 2244 495 2282 omnia.
524 2248 555 2282 52.
572 2244 621 2288 Quid
632 2243 690 2294 igitur
700 2242 726 2280 ait
736 2242 785 2281 Hor-

104 2304 130 2339 40
138 2298 226 2336 tensius?
255 2297 276 2336 Si
289 2297 321 2335 uni
331 2296 394 2335 omnia
404 2296 505 2335 tribuenda
515 2297 557 2342 sint,
567 2294 643 2350 [unum]
654 2296 786 2349 dignissimum

138 2364 180 2390 esse
195 2352 321 2403 Pompeium,
336 2352 370 2390 sed
387 2351 412 2389 ad
426 2364 486 2388 unum
502 2356 567 2389 tamen
583 2350 646 2388 omnia
662 2351 732 2389 deferri
748 2364 786 2389 non

138 2412 233 2458 oportere.
263 2405 362 2444 Obsoleu‘t
374 2406 415 2456 jam
428 2404 465 2442 ista
475 2406 541 2448 oratio,
552 2417 572 2442 re
582 2405 644 2442 multo
655 2404 717 2456 magis
727 2417 786 2455 quam

137 2460 201 2498 verbis
210 2459 299 2497 refutata.
328 2459 379 2497 Nam
394 2464 416 2497 tu
425 2458 481 2503 idem,
494 2459 516 2504 Q.
528 2458 624 2502 Hortensi,
636 2459 697 2496 multa
707 2471 742 2510 pro
752 2464 786 2496 tua

137 2525 214 2552 summa
230 2514 285 2565 copia
301 2526 324 2551 ae
338 2512 430 2565 singulari
446 2512 540 2551 facultate
557 2511 632 2551 dicendi
650 2518 670 2551 et
684 2512 704 2551 in
717 2517 786 2551 senatu
