1738 2673
117 75 156 111 114
436 88 508 114 onrrro

149 186 199 218 mus,
209 174 334 213 fortissimum
348 177 415 221 uirnnr,
429 177 576 215 inimicissimum
590 189 652 220 sunm,
667 174 791 214 certissimum

149 228 253 272 consulem,
263 229 320 280 idque
330 230 422 268 intellexit
436 243 474 267 non
483 231 545 268 solnm
555 230 679 274 sermonibus,
689 229 724 267 sed
734 228 792 267 etiam

149 281 244 333 suffragiis
253 283 320 333 populi
330 284 411 321 Romani
420 296 471 333 saepe
478 296 519 321 esse
527 284 651 327 declaratum,
663 283 727 334 palam
734 294 792 333 agere

149 335 209 385 coepit
223 341 243 373 et
254 342 320 387 aperte
335 337 404 381 dicere,
415 336 540 374 occidendum
550 336 646 374 Milonem.
676 340 706 374 26.
722 335 791 373 Servos

127 394 235 440 5ngrestes
252 395 271 427 et
288 391 383 433 barbaros,
401 390 469 440 quibus
485 389 541 427 silvas
558 390 645 441 publicas
662 390 791 440 depopulatus

148 447 189 479 eret
206 442 339 493 Etruriamque
355 449 438 486 vexarat,
456 456 479 480 ex
494 443 596 493 Apennino
613 442 725 487 deduxerat,
743 455 791 492 quos

147 495 246 533 videbatis.
276 497 314 534 Res
329 502 370 534 erat
383 497 459 534 minime
476 497 563 534 obscura.
597 496 672 534 Etenim
690 495 791 534 dictitabat

147 549 217 598 palam,
235 551 355 587 consulatum
372 550 418 601 eripi
435 550 500 588 Miloni
515 563 553 588 non
572 562 634 600 posse,
652 550 711 588 vitam
727 561 790 601 posse.

147 602 265 653 Significavit
278 604 314 641 lroo
330 617 383 654 saepe
397 604 415 640 in
432 610 511 647 senatu;
528 603 575 641 dixit
591 603 610 640 in
623 604 725 647 concione;
746 602 791 652 quin

113 661 138 695 10
148 656 204 692 etium
215 656 241 694 M.
257 656 346 701 Fauonio,
357 657 460 695 fortissimo
473 658 519 701 niro,
529 657 622 708 qnaerenti
636 669 659 694 ex
669 669 697 700 eo,
708 669 747 707 qua
756 668 791 706 spe

146 709 224 754 fureret,
242 709 312 748 Milone
322 711 370 755 viro,
381 711 485 762 respondit,
496 711 560 748 triduo
576 711 629 748 illum
643 716 677 748 ant
693 723 790 747 summum

147 764 249 813 quatriduo
260 777 302 802 esse
317 765 435 815 periturum;
450 777 507 815 quarn
517 777 586 802 vocem
600 765 642 815 eJ'us
655 764 680 801 ad
695 763 746 801 bunc
763 762 789 800 M.

148 817 240 854 Catonem
251 818 315 855 statim
326 818 421 856 Favonius
431 818 505 855 detulit.

173 870 197 907 X.
226 872 257 908 27.
273 871 357 915 Interim,
368 884 428 921 quum
442 871 498 909 sciret
513 870 592 909 Clodius
603 869 732 923 (nequeenim
749 873 790 907 erat

112 930 136 964 15
147 923 221 961 difficile
234 924 297 973 scire),
314 924 350 961 iter
364 925 461 968 sollemne,
476 924 587 975 legitimum,
601 923 734 968 necessarium,
745 928 789 961 ante

146 977 196 1015 diem
205 978 262 1015 XIH.
273 978 370 1015 Kalendas
380 978 426 1016 Feb.
438 978 503 1015 Miloni
519 991 561 1015 esse
570 977 677 1015 Lanuvium
692 977 716 1015 ad
729 977 789 1015 flami-

145 1043 189 1068 nem
206 1031 334 1081 prodendum,
349 1031 400 1082 quod
415 1036 456 1069 erat
471 1031 553 1068 dictator
568 1031 648 1068 Lanuvii
660 1031 712 1074 Milo,
728 1031 790 1068 Roma

146 1084 209 1122 subito
219 1085 260 1134 ipse
270 1084 367 1135 profectus
375 1084 434 1134 pridie
445 1091 479 1128 est,
487 1089 509 1122 ut
519 1090 563 1122 ante
571 1098 626 1121 suum
636 1084 718 1122 fundum
729 1083 789 1135 (quod

146 1150 166 1174 re
179 1137 296 1175 intellectum
313 1137 350 1189 cst)
366 1137 431 1175 Miloni
446 1138 522 1175 insidias
539 1138 645 1175 collocaret.
683 1137 748 1188 Atque
762 1137 790 1174 ita

111 1197 136 1231 20
146 1190 243 1241 profectus
258 1197 292 1235 est,
303 1196 325 1228 ut
339 1192 448 1229 concionem
459 1192 593 1235 turbulentam,
605 1192 623 1228 in
633 1204 671 1241 qua
681 1191 722 1241 ejus
736 1191 789 1228 furor

146 1244 265 1281 desideratus
282 1251 317 1288 est,
328 1257 370 1294 quae
385 1245 416 1282 illo
433 1245 474 1294 ipso
491 1244 522 1282 die
539 1245 604 1282 habita
618 1250 653 1288 est⁷
668 1244 788 1294 relinqueret,

146 1309 209 1347 quam,
220 1297 254 1334 nisi
268 1298 321 1336 obire
336 1297 422 1335 facinoris
439 1298 502 1335 locum
512 1302 626 1349 tempusque
636 1298 731 1341 voluisset,
741 1310 788 1334 nun·

145 1362 204 1401 quam
213 1351 325 1401 reliquisset.
355 1356 385 1389 28.
401 1351 447 1389 Milo
461 1357 526 1388 autem
535 1365 595 1403 quum
609 1351 628 1388 in
640 1355 708 1388 senatu
721 1351 789 1388 fuisset

140 1417 169 1442 eo
179 1403 215 1448 die,
226 1405 290 1455 quoad
305 1412 381 1442 senatus
396 1410 425 1442 cst
442 1405 536 1449 dimissus,
550 1405 628 1442 domum
638 1405 700 1448 venit3
715 1406 788 1442 calceos

110 1463 135 1498 25
146 1462 166 1495 et
181 1459 294 1495 vestimenta
310 1458 402 1502 mutavit;
422 1458 524 1509 paulisper,
543 1459 589 1496 dnm
606 1472 626 1496 se
644 1471 692 1495 uxor
709 1456 740 1510 (ut
758 1459 788 1507 fit)

146 1517 251 1562 comparat,
267 1517 396 1550 commoratus
411 1516 445 1555 est,
457 1511 525 1549 deinde
541 1511 639 1563 profectus
654 1511 674 1549 id
690 1511 787 1563 temporis,

145 1577 204 1616 quum
213 1565 253 1616 jam
265 1565 348 1609 Clodius,
360 1565 375 1604 si
385 1566 462 1616 quidem
473 1578 495 1603 eo
506 1565 536 1603 die
546 1566 629 1603 Romam
640 1571 730 1603 venturus
741 1570 787 1610 erat,

144 1619 206 1656 redire
216 1620 314 1669 potuisset.
344 1620 426 1656 Obviam
436 1620 457 1655 fir
467 1620 483 1656 ei
494 1619 578 1662 Clodius
587 1620 693 1669 expeditus,
704 1620 722 1655 in
732 1632 787 1669 equo,

144 1671 197 1709 nulla
211 1671 277 1716 rheda,
292 1672 348 1710 nullis
362 1672 506 1723 impedimentis,
522 1672 577 1710 nullis
595 1673 667 1710 Graecis
679 1672 786 1716 comitibus,

110 1731 135 1765 30
145 1731 167 1762 ut
177 1725 255 1769 solebat,
267 1726 306 1763 sine
319 1738 383 1769 uxore,
394 1725 446 1776 quod
460 1738 557 1775 nunquam
567 1725 612 1770 fere,
623 1738 683 1776 quum
699 1725 730 1763 bic
744 1725 787 1763 insi-

145 1778 212 1821 diator,
223 1779 255 1829 qui
265 1779 300 1816 iter
309 1778 356 1815 illud
366 1779 391 1815 ad
405 1778 479 1816 caedem
495 1778 601 1815 faciendam
614 1784 733 1829 apparasset,
744 1791 788 1816 cum

144 1843 204 1868 uxore
213 1831 315 1869 veheretur
331 1831 350 1868 in
364 1832 429 1876 rheda,
444 1832 558 1881 paenulatus,
574 1844 644 1883 magno
661 1837 680 1869 et
695 1831 787 1882 impedito

144 1889 165 1921 et
178 1885 266 1922 muliebri
280 1898 302 1923 ec
316 1885 397 1922 delicato
412 1885 522 1922 ancillarum
539 1898 680 1935 puerorumque
690 1885 786 1923 comitatu.

146 1942 177 1975 29.
192 1937 223 1975 Fit
240 1938 316 1975 obviam
327 1938 394 1976 Clodio
404 1943 448 1975 ante
464 1937 545 1974 fundum
560 1938 601 1988 ejus
615 1939 662 1975 hora
676 1939 716 1976 fere
727 1938 786 1976 unde-

109 1996 134 2030 35
145 1991 193 2028 cima
203 1996 236 2028 aut
246 2004 284 2028 non
293 1992 354 2029 multo
364 2003 424 2028 secus.
453 1991 522 2028 Statim
538 1991 645 2041 complures
658 2004 701 2029 cun]
717 1992 759 2029 telis
768 1992 787 2029 in

145 2045 196 2082 bunc
205 2044 279 2082 faciunt
289 2044 313 2081 de
323 2044 364 2082 loco
372 2044 468 2095 superiore
474 2044 579 2094 impetum;
594 2044 668 2082 adversi
677 2045 787 2082 rhedarium

144 2097 244 2142 occidunt;
259 2110 319 2148 quum
328 2103 393 2135 autem
407 2097 437 2134 hic
448 2096 472 2134 de
483 2096 548 2142 rheda,
559 2098 630 2148 rejecta
644 2098 726 2149 paennla⁷
737 2098 786 2136 desi-

143 2150 211 2189 luisset
225 2163 284 2201 seque
301 2151 339 2188 acri
356 2151 418 2188 animo
435 2150 551 2195 defenderet,
568 2151 600 2195 illi,
618 2152 651 2201 qni
669 2157 723 2190 erant
742 2165 786 2190 cum

144 2204 217 2249 Clodio,
232 2204 300 2257 gladiis
315 2204 395 2248 eductis,
410 2203 480 2255 partim
494 2216 591 2243 recurrere
603 2205 628 2243 ad
642 2205 728 2250 rhedam,
739 2210 761 2243 nt
774 2217 787 2242 a

107 2263 133 2299 40
143 2264 198 2310 tergo
214 2258 304 2296 Milonem
318 2258 443 2301 adorirentur,
454 2257 529 2308 partim,
540 2258 592 2309 qnod
606 2259 657 2296 hunc
673 2259 713 2310 jam
727 2259 785 2296 inter-

141 2313 215 2351 fectum
231 2316 326 2363 putarent,
341 2311 421 2350 credere
437 2310 529 2361 incipiunt
546 2312 587 2363 ejus
604 2325 674 2357 servos,
692 2313 724 2363 qui
741 2316 786 2364 post

142 2371 201 2409 erent,
212 2378 236 2403 ex
250 2366 319 2416 quibus
334 2366 366 2416 qni
381 2364 443 2401 animo
457 2364 508 2401 fideli
521 2364 540 2401 in
550 2365 648 2403 dominum
658 2371 677 2403 et
694 2365 785 2416 praesenti

141 2418 224 2463 fuerunt,
236 2419 305 2470 partim
321 2418 377 2457 occisi
390 2422 441 2461 sunt,
451 2417 526 2469 partim,
537 2432 597 2469 quum
613 2418 638 2456 ad
655 2419 735 2457 rhedam
750 2432 785 2470 pu-

140 2472 195 2525 gnari
209 2473 300 2518 tiderent,
311 2472 389 2511 domino
403 2484 513 2510 succurrere
526 2472 679 2524 prohiberentur,
693 2472 785 2511 Milonem
