1738 2673
290 374 471 423 ORATIO

132 549 238 626 PRO
287 551 328 637 (l.
364 550 627 626 iterare.

85 900 100 938 l.
130 905 147 938 1.
168 900 245 939 Norunt
266 898 341 943 crimen,
361 898 381 937 G.
398 898 468 942 basar,
489 903 508 937 et
524 903 568 937 ante
586 899 636 937 lrunc
652 898 703 937 diem

58 954 165 992 inauditum
182 955 300 1005 propinquus·
316 965 370 989 meus
387 952 411 989 ad
428 958 447 990 te
463 953 484 997 Q.
495 954 570 991 Tubero
588 953 663 996 detulit,
679 954 702 998 Q.

59 1008 156 1059 Ligarium
171 1009 189 1045 in
204 1008 270 1044 Africa
284 1007 354 1049 fuisse,
371 1007 428 1056 idque
445 1006 465 1044 O.
481 1008 550 1051 Pansa,
562 1007 660 1057 prastanti
675 1007 704 1043 rur

58 1062 139 1112 ingenio,
150 1061 210 1099 fretus
221 1061 301 1098 fortasse
318 1060 447 1097 familiaritate
458 1073 485 1104 ea,
497 1073 540 1110 quae
555 1067 584 1097 est
599 1061 616 1097 ei
632 1065 702 1104 tecum,

59 1128 117 1152 ausus
128 1120 157 1152 est
168 1114 258 1153 confiteri.
278 1114 352 1164 ltaque,
363 1126 400 1163 quo
408 1126 438 1151 nro
448 1119 527 1157 rertam,
537 1114 607 1151 nescio.
621 1114 722 1151 Paratus5

59 1168 108 1207 enim
118 1181 213 1213 veneram,
221 1181 280 1219 quum
290 1173 312 1205 tu
321 1167 340 1204 id
350 1179 411 1217 neque
422 1171 485 1218 perte
499 1167 555 1205 scires
566 1180 627 1217 neque
637 1167 703 1205 audire

60 1222 136 1260 aliunde
155 1222 255 1273 potuisses,
275 1227 297 1259 ut
315 1220 432 1272 ignoratione
452 1226 485 1258 tua
502 1221 527 1258 ad
544 1221 624 1258 hominis
641 1221 704 1259 miseri

59 1277 141 1314 salutern
151 1278 246 1314 abuterer.
275 1275 315 1313 Sed
329 1275 418 1325 qnoniam
434 1274 530 1326 diligentia
544 1275 612 1313 inimici
627 1276 703 1313 inresti-

60 1336 127 1382 gatum
138 1335 172 1375 est,
184 1330 235 1381 quod
250 1330 328 1373 latebat,
340 1328 468 1366 confitendum
479 1335 513 1373 est,
524 1334 546 1366 ut
563 1329 639 1380 opinor;
655 1342 703 1380 prce-

59 1385 124 1421 sertim
135 1398 193 1435 quum
204 1397 258 1421 meus
268 1383 384 1421 necessarius
392 1382 455 1420 Pansa
465 1383 535 1427 fecerit,
546 1389 568 1420 ut
578 1383 597 1420 id
607 1384 703 1434 integrum
711 1386 736 1420 10

42 1435 98 1489 ‘jam
113 1451 151 1475 non
168 1442 229 1476 esset:
252 1437 359 1487 omissaque
375 1437 509 1481 controversia,
525 1437 585 1474 omnis
603 1438 661 1474 oratio
678 1437 703 1474 ad

59 1491 206 1530 misericordiam
221 1496 275 1529 tuam
286 1490 400 1529 conferenda
415 1496 449 1534 est,
461 1504 498 1541 qua
515 1491 591 1541 plurimi
605 1497 649 1529 sunt
660 1505 703 1529 cou-

59 1546 135 1589 servati,
142 1559 201 1596 quum
211 1558 223 1581 a
230 1550 249 1583 te
259 1558 296 1582 non
304 1544 434 1582 liberationem
441 1545 510 1595 culpae,
519 1545 552 1582 sed
563 1545 620 1583 errati
629 1545 703 1582 reniam

59 1598 218 1649 impetravissent.
247 1604 265 1637 2.
280 1598 346 1636 Habes
355 1597 418 1649 igitur,
429 1599 510 1642 Tubero,
521 1599 573 1648 quod
584 1604 613 1636 est
625 1612 702 1636 accusa·

59 1653 95 1690 tori
105 1653 186 1690 marinae
197 1652 308 1703 optandum,
324 1654 445 1689 confitentem
458 1664 523 1688 reum:
538 1652 572 1690 sed
588 1657 652 1689 tamen
666 1653 702 1690 lroc
711 1655 735 1689 15

60 1707 186 1750 confitentem,
197 1719 218 1743 se
234 1706 253 1743 in
263 1717 285 1742 ea
294 1710 349 1757 parte
365 1705 429 1750 fuisse,
440 1717 477 1755 qua
487 1711 512 1749 te,
528 1718 565 1755 qua
576 1706 637 1743 virum
652 1706 703 1743 omni

59 1759 116 1797 laude
127 1759 210 1811 dignum,
222 1765 297 1810 patrem
312 1763 373 1795 tuum.
403 1758 472 1809 Itaque
490 1759 542 1810 prius
557 1760 581 1796 de
591 1766 655 1797 restro
670 1761 702 1798 de-

58 1813 104 1850 licto
119 1813 245 1850 confiteamini
258 1824 335 1849 necesse
350 1816 385 1856 est,
399 1825 456 1862 quam
466 1812 536 1865 Ligarii
550 1814 610 1850 ullam
626 1813 703 1864 culpam

59 1866 208 1916 reprehendatis.

87 1919 108 1965 Q.
120 1921 169 1959 eninr
178 1920 271 1972 Ligarius,
282 1932 341 1971 quum
352 1924 402 1957 esset
411 1920 464 1957 nulla
473 1920 518 1959 belli
529 1920 617 1972 suspicio,
628 1921 703 1973 legatus
711 1924 735 1957 20

59 1973 79 2011 in
88 1974 175 2012 Africani
185 1987 229 2012 curn
240 1974 262 2012 C.
273 1973 362 2012 Considio
373 1974 471 2025 profectus
479 1980 518 2020 θεῖς
533 1988 571 2025 qua
580 1975 599 2012 in
608 1975 703 2027 legatione

60 2031 79 2064 et
93 2029 164 2066 civibus
175 2033 194 2066 el
211 2028 266 2066 sociis
280 2027 307 2066 ita
317 2040 337 2065 se
347 2029 441 2078 probarit,
452 2033 474 2065 ut
491 2029 585 2067 decedens
602 2029 703 2067 Considius

60 2082 156 2131 provincia
173 2082 281 2120 satisfacere
296 2082 404 2120 hominibus
420 2095 458 2120 non
474 2088 545 2134 posset,
556 2083 572 2120 si
588 2096 704 2134 quemquam

61 2134 118 2172 nliunr
134 2136 236 2186 provinciae
253 2135 375 2186 praefecisset.
404 2136 473 2186 ltaque
487 2137 580 2188 Ligarius,
596 2149 655 2186 quum
671 2137 704 2174 diu

59 2200 149 2226 recusans
164 2189 209 2227 nihil
224 2190 341 2241 profecisset,
356 2189 472 2241 provinciam
487 2191 561 2240 accepit
577 2190 658 2234 inritus3
673 2190 735 2228 cui25

61 2241 87 2277 sic
97 2242 174 2292 praefuit
189 2243 208 2280 in
222 2256 275 2295 pace,
286 2249 338 2281 utet
352 2244 423 2281 civibus
438 2248 457 2281 et
467 2243 521 2281 sociis
536 2243 642 2294 gratissima
653 2248 703 2280 esset

60 2294 102 2344 ejus
111 2295 209 2347 integritas
227 2310 249 2334 ae
266 2296 318 2335 fides.
348 2301 365 2335 3.
381 2297 456 2334 Bellum
471 2297 533 2334 subito
548 2296 628 2333 exarsit:
643 2296 702 2347 quod,

61 2348 93 2397 qui
102 2355 156 2386 erant
163 2350 182 2386 in
192 2350 264 2395 Africa,
276 2356 319 2388 ante
329 2351 430 2389 audin-unt
444 2350 484 2402 geri
495 2362 553 2400 quarn
563 2349 630 2400 parari.
660 2349 703 2395 Quo

61 2401 132 2448 audito,
138 2403 208 2453 partim
214 2404 319 2455 cupiditate
325 2404 468 2448 inconsiderata,
479 2403 548 2455 partim
558 2416 609 2441 caeco
619 2403 703 2454 quodam

60 2455 134 2501 timore,
145 2457 206 2508 primo
216 2457 288 2502 salutis,
303 2463 349 2510 post
365 2458 423 2496 etiam
438 2457 496 2496 studii
505 2457 535 2495 sui
549 2458 661 2508 quaerebant
670 2457 702 2495 ali·
710 2461 736 2495 30
