1738 2673
99 41 125 78 26
399 54 471 82 ouarro
485 55 507 82 11.

130 140 166 179 nisi
183 145 269 193 pereunt,
286 142 343 181 etiam
357 143 373 181 si
390 143 471 182 Catilina
486 144 567 196 perierit,
585 144 652 183 scitote
669 144 705 183 hoe
720 145 738 184 in
753 157 775 185 re

130 195 209 246 publica
225 196 346 234 seminarium
361 197 492 235 Catilinarium
508 198 600 236 futurum.
636 198 774 237 Verumtamen

131 248 177 299 quid
187 249 222 287 sibi
235 249 266 287 isti
275 250 339 288 miseri
348 251 431 289 volunt?
459 251 511 289 Num
521 264 565 288 suas
575 264 640 289 secum
652 252 773 291 mulierculas

131 303 204 340 suntin
214 310 276 341 eastra
287 304 379 342 ducturi?
408 304 575 349 Quemadmodum
585 310 650 342 autem
661 305 696 343 illis
708 319 773 346 carere

111 358 227 406 5poteruut,
238 357 267 394 his
282 358 387 408 praesertim
399 357 440 408 jam
449 357 553 395 noctibus?
582 357 624 402 Quo
635 364 699 396 autem
714 365 772 411 pacto

129 410 156 447 illi
163 410 287 462 Apenninum
296 415 354 462 atque
363 411 404 448 illas
414 411 491 462 pruinas
501 423 523 448 ac
532 410 585 448 niues
595 411 706 462 perferent?
730 413 772 451 Nisi

129 464 200 502 idcirco
211 477 231 501 se
241 465 314 502 facilius
323 465 405 502 hiemem
418 464 532 501 toleraturos
547 468 622 515 putant,
633 465 686 516 quod
697 466 744 504 nudi
753 467 772 504 iu

130 517 219 555 conviviis
229 518 298 555 saltare
308 517 420 555 didicerunt.

156 571 191 609 XI.
221 575 251 609 24.
267 571 283 608 O
294 571 364 608 bellum
374 582 444 622 niagno
454 582 512 622 opere
521 570 700 622 pertimescendum,
711 586 772 624 quum

97 624 179 662 thane
189 626 213 663 sit
222 624 322 663 habiturus
333 624 412 661 Catilina
423 631 529 661 scortorum
542 625 639 663 eohortem
650 626 771 676 praetoriam!

129 677 221 716 Instruite
231 691 286 722 nunc,
302 677 389 722 Quirites,
400 682 466 714 contra
476 677 511 715 has
521 683 561 715 tam
571 679 674 729 praeclaras
684 680 771 717 Catilinae

129 732 194 783 copias
212 736 273 769 vestra
289 730 378 782 praesidia
396 734 509 780 vestrosque
526 732 631 777 exercitus;
653 737 672 770 et
688 733 771 783 primum

128 785 230 836 gladiatori
244 784 270 822 illi
284 784 369 822 conlecto
387 787 407 821 et
423 784 488 822 saucio
502 785 589 822 consules
607 785 770 838 imperatoresque

129 844 202 875 vestros
212 838 314 888 opponite:
330 837 398 874 deinde
408 842 474 874 contra
483 838 535 874 illam
545 838 681 889 naufragorum
689 840 770 890 ejectam

96 891 121 927 15
128 903 150 928 ac
161 891 279 929 debilitatam
288 902 366 927 manum
375 890 442 927 florem
448 891 507 928 totius
517 891 579 928 Italiae
588 904 610 928 ac
620 893 678 929 robur
688 893 769 930 educite.

127 943 172 983 Jam
181 957 225 983 vero
235 944 292 983 urbes
303 943 419 982 coloniarum
433 956 456 982 ae
466 944 611 995 municipiorum
625 945 770 996 respondebunt

128 998 215 1035 Catilinae
229 998 306 1035 tumulis
320 997 443 1035 silvestribus.
472 997 541 1048 Neque
555 1009 591 1049 ego
609 1003 682 1036 ceteras
698 998 768 1050 copias,

127 1056 244 1096 ornamenta,
254 1051 343 1102 praesidia
352 1056 422 1096 vestra,
437 1063 481 1088 cum
491 1051 540 1088 illius
549 1052 628 1089 latronis
637 1051 701 1103 iuopia
710 1058 769 1103 atque

127 1110 213 1156 egestate
229 1105 314 1143 conferre
328 1105 395 1142 debeo.
430 1109 461 1143 25.
479 1105 523 1149 Sed,
541 1105 563 1148 si,
580 1105 653 1143 omissis
668 1105 697 1142 his
712 1106 770 1143 rebus

95 1160 120 1194 20
128 1158 220 1203 omnibus,
231 1158 300 1209 quibus
315 1170 351 1196 nos
365 1157 517 1209 suppeditamm,
528 1162 572 1210 eget
581 1158 618 1203 ille,
633 1162 706 1203 senatu,
717 1159 769 1209 equi·

127 1212 179 1250 tibus
193 1212 289 1256 Romanis,
304 1211 382 1263 populo,
395 1212 449 1257 urbe,
464 1211 537 1256 aerari0‚
551 1212 683 1264 uectigalibus,
701 1217 770 1250 cuncta

128 1267 189 1310 ltalia,
207 1265 308 1317 prouinciis
324 1265 417 1310 omuibuS,
433 1265 502 1303 exteris
515 1266 628 1310 nationibus,
639 1265 655 1302 si
668 1265 697 1303 his
712 1266 769 1303 rebus

128 1320 207 1364 omissis,
222 1332 289 1357 causas
303 1319 360 1369 ipsas,
376 1332 419 1370 quae
432 1319 482 1357 inter
499 1332 519 1356 se
534 1320 643 1372 confligunt,
655 1319 769 1357 contendere

127 1374 218 1412 velimus:
236 1387 260 1411 ex
277 1386 299 1411 eo
315 1373 363 1423 ipsc,
380 1386 440 1422 quam
453 1372 510 1411 valde
525 1373 550 1410 illi
565 1373 647 1423 jaceant,
664 1373 770 1423 intelligere

94 1429 119 1465 25
127 1439 236 1478 possumus.
264 1426 294 1464 Ex
308 1426 344 1464 hae
354 1426 403 1463 euim
413 1430 469 1478 parte
483 1425 546 1477 pudor
562 1431 642 1479 pugnat,
653 1426 703 1464 illine
713 1431 768 1478 petu-

126 1481 196 1519 lantia:
211 1481 255 1519 hinc
265 1479 362 1531 pudicitia,
370 1479 420 1518 illinc
430 1485 529 1532 stuprum:
543 1480 587 1518 hinc
597 1480 650 1524 fides,
658 1480 707 1518 illine
717 1481 768 1518 frau-

127 1535 189 1573 datio:
204 1534 248 1572 hiue
264 1534 331 1584 pietas,
346 1533 396 1571 illinc
408 1533 481 1571 scelus:
495 1533 539 1571 hinc
554 1533 665 1578 constantia,
675 1534 725 1571 illinc
739 1533 768 1570 fu-

125 1601 169 1627 ror:
184 1588 227 1626 hinc
242 1588 337 1632 honestas,
347 1586 397 1624 illino
411 1586 521 1638 turpitudo:
536 1587 579 1625 hinc
589 1586 709 1632 continentia,
718 1586 769 1625 illine

125 1642 197 1680 libido:
212 1642 293 1692 denique
303 1640 389 1692 equitas,
403 1640 536 1691 temperantia,
550 1640 648 1685 fortitudo,
661 1641 768 1692 prudentia,

92 1697 206 1735 eom-tutes
219 1708 284 1733 omnes
294 1698 369 1732 certant
378 1707 423 1732 cum
436 1693 541 1745 iniquitate,
556 1694 636 1739 luxuria,
646 1694 726 1747 ignavia,
740 1699 768 1732 te-

125 1750 219 1794 meritate,
230 1763 274 1787 eum
284 1748 332 1787 vitiis
340 1748 438 1786 omnibus:
454 1752 551 1799 postremo
558 1748 613 1800 copia
622 1761 666 1786 cum
676 1752 767 1799 egestate,

125 1804 176 1842 bona
185 1803 234 1842 ratio
248 1816 293 1841 cum
307 1801 389 1853 perdita,
399 1814 453 1840 mens
463 1814 509 1840 sana
519 1815 563 1840 cum
575 1801 663 1846 amentia,
674 1802 725 1840 bona
735 1801 768 1839 de-

125 1857 182 1908 nique
196 1869 241 1909 spes
251 1869 295 1895 cum
305 1855 389 1893 omnium
402 1868 466 1893 rerum
481 1855 614 1906 desperatione
627 1855 715 1906 confligit.
745 1855 768 1893 ln

125 1910 237 1961 hujusmodi
253 1909 355 1946 certamine
367 1921 389 1946 ao
406 1909 474 1959 proelio
488 1921 555 1953 nonne,
567 1909 624 1946 etiam
639 1908 654 1945 si
669 1908 768 1945 hominum

93 1969 118 2004 35
126 1963 191 2002 studia
200 1963 295 2007 deficiant,
309 1962 334 2000 dii
350 1962 386 2013 ipsi
402 1962 518 1999 immortales
529 1966 598 2012 cogent
612 1962 636 1999 ab
645 1961 675 1999 his
689 1961 767 2013 praecl-

125 2017 203 2057 rissimis
213 2016 315 2055 virtutibus
324 2020 354 2054 tot
364 2020 384 2053 et
393 2019 447 2053 tauta
456 2014 501 2053 uitia
511 2015 611 2065 superari?

152 2071 199 2109 XII.
228 2075 259 2109 26.
275 2070 323 2115 Quat
333 2081 392 2120 quum
405 2068 432 2106 ita
442 2068 484 2113 sint,
493 2068 581 2113 Quirites,
591 2081 632 2114 uos,
644 2068 767 2119 quemadmo-

126 2125 174 2163 dum
184 2125 226 2176 jam
235 2127 297 2168 antea,
307 2128 371 2161 vestra
384 2126 436 2160 tecta
446 2121 536 2160 custodiis
546 2121 651 2174 vigiliisque
661 2121 767 2160 defendite:

125 2180 178 2224 mihi,
188 2185 211 2218 ut
225 2177 268 2216 urbi
278 2178 318 2215 siue
327 2181 391 2215 vestro
406 2180 462 2214 motu
477 2188 499 2214 ac
516 2175 555 2214 siue
568 2176 608 2214 ullo
621 2177 707 2214 tumultu
723 2176 768 2214 satis

92 2236 119 2272 40
126 2238 177 2272 esset
186 2231 276 2285 praesidii,
284 2230 393 2270 consultum
402 2234 460 2280 atque
467 2228 565 2281 provisum
574 2234 609 2268 est.
625 2230 693 2268 Coloni
703 2243 769 2268 omnes

126 2287 269 2339 municipesque
281 2285 340 2324 vestri
355 2283 444 2322 certiores
458 2296 510 2321 ame
524 2283 570 2321 facti
584 2283 608 2321 de
622 2284 659 2323 hac
675 2289 769 2323 nocturna

127 2342 237 2380 excursione
253 2339 341 2377 Catilinae
355 2338 411 2376 facile
420 2337 479 2375 urbes
495 2349 539 2375 suas
556 2337 640 2389 finesque
654 2338 768 2376 defendent:

126 2395 249 2447 gladiatores,
260 2407 319 2444 quam
329 2393 365 2431 sibi
375 2392 406 2431 ille
415 2404 495 2429 manum
504 2391 628 2429 certissimam
637 2392 678 2430 fore
687 2391 769 2444 putavit,

127 2460 245 2503 quamquam
254 2448 332 2490 meliore
341 2446 405 2484 animo
418 2449 462 2484 sunt
472 2457 530 2496 quam
542 2456 587 2498 pars
596 2445 725 2500 patriciorum,
736 2458 770 2498 po-
