1738 2673
245 88 284 114 eno
295 89 347 114 naeu
357 88 463 121 aurorane,
475 88 520 115 aar,
530 89 557 115 1v,
733 76 758 117 87

76 176 123 215 tiam
132 180 192 222 tuam,
201 176 266 223 libera,
277 190 301 215 nc
316 177 399 216 residere
409 177 428 215 in
437 183 457 216 te
466 177 526 216 ullam
535 182 611 229 partem
621 177 725 217 iracundiae

76 230 202 283 suspicemur.
231 231 269 269 Per
283 231 382 270 dexteram
393 232 450 269 istam
465 237 484 270 te
495 245 533 277 oro,
545 245 604 283 quam
613 233 654 284 regi
669 232 725 270 Deio-

75 289 118 323 taro
134 286 205 337 hospes
220 285 291 337 hospiti
307 286 420 337 porrexisti:
439 286 501 330 istam,
519 286 602 337 inquam,
618 287 724 331 dexteram,

75 353 113 378 non
123 344 164 377 tam
174 339 257 379 inbellis
267 353 301 378 nec
315 339 333 378 in
351 341 423 391 proeliis
433 353 491 391 quam
507 340 527 378 in
544 340 641 392 promissis
652 346 671 378 et
686 340 725 378 fide

75 393 184 431 firmiorem.
222 394 252 431 Tu
270 393 320 432 illius
339 394 418 432 domum
435 395 486 438 inire,
504 399 526 432 tu
545 400 600 432 vetus
619 394 743 445 hospitium5

74 460 166 486 renovare
172 447 256 493 voluisti;
272 453 291 486 te
299 448 341 499 ejus
349 448 374 486 dii
384 454 464 500 penates
472 453 600 499 acceperunt;
614 453 634 487 te
640 448 724 487 amicum

74 507 94 540 et
105 501 202 553 placatum
213 502 298 540 Deiotari
308 502 358 554 regis
368 515 407 541 arae
419 502 494 553 focique
504 502 599 541 siderant.
626 507 644 541 9.
659 503 724 547 Quum

74 556 129 594 facile
150 554 248 608 [enorari],
266 556 337 600 Caesar,
353 561 395 593 tum
412 557 470 594 semel
488 556 561 594 exorari
578 556 639 601 soles3
667 568 723 594 nemo

73 623 158 661 unquam
168 616 187 647 te
198 610 280 661 placavit
290 610 382 654 inimicus,
393 611 426 661 qui
435 610 485 647 ullas
498 610 590 648 resedisse
600 610 619 648 in
629 616 648 649 te
658 610 723 648 simul-

73 664 118 702 tatis
129 664 218 715 reliquias
228 664 313 702 senserit.
343 664 465 715 Quamquam
476 664 505 701 cui
516 671 561 701 sunt
575 664 667 702 inauditae
678 677 722 702 cum
731 665 755 700 10

73 718 165 756 Deiotaro
175 718 257 769 querela
268 717 323 756 tuae‘l
352 717 458 769 Nunquam
475 724 497 755 tu
506 718 560 755 illum
570 717 684 756 accusavisti
700 723 723 755 nt
799 722 801 724 ’

72 772 155 817 hostem,
166 772 200 809 sed
214 778 236 809 ut
252 772 335 809 amicum
345 771 406 810 officio
424 785 492 822 parum
506 772 600 817 functum,
612 772 663 822 quod
679 784 722 823 pro-

73 825 150 877 pensior
165 826 184 863 in
202 826 237 863 Gn.
249 825 337 877 Pompeii
354 825 457 863 amicitiam
471 825 539 863 fuisset
556 838 614 876 quam
629 826 647 863 in
662 830 721 863 tuam⁴

73 880 110 917 Oui
126 885 190 917 tamen
206 879 242 931 ipsi
257 879 284 918 rei
299 879 373 917 veniam
391 883 410 917 te
427 880 518 917 daturum
534 879 593 918 fuisse
608 879 691 924 dicebas,
707 879 722 917 si

72 938 149 971 tantum
159 933 229 971 auxilia
244 934 338 985 Pompeio
348 933 378 971 vel
395 933 411 971 si
425 933 483 971 etiam
498 933 558 971 filium
574 933 662 977 misisset,
680 934 721 985 ipse
730 935 754 971 15

73 987 136 1025 aetatis
153 987 276 1025 excusatione
292 1000 339 1025 usus
357 992 413 1025 esset.
448 987 480 1025 Ita
497 1000 557 1037 quum
573 986 661 1024 maximis
677 1000 721 1025 eum

72 1042 130 1078 rebus
137 1040 233 1085 liberares,
242 1053 356 1092 perparvam
364 1040 452 1078 amicitiae
461 1041 539 1091 culpam
547 1040 672 1091 relinquebas
691 1045 720 1079 10.

72 1094 142 1145 ltaque
152 1107 189 1132 non
199 1094 261 1132 solum
272 1094 291 1132 in
301 1107 345 1132 eum
354 1106 393 1131 non
403 1094 557 1138 animadvertisti,
568 1094 602 1131 sed
609 1095 660 1131 omni
668 1100 721 1131 metu

72 1148 182 1192 liberavisti,
190 1148 286 1199 hospitem
294 1148 393 1199 agnovisti,
401 1161 466 1199 regem
474 1147 571 1198 reliquisti.
600 1148 636 1185 IV.
651 1147 720 1198 Neque

72 1202 122 1239 enim
138 1201 170 1239 ille
186 1201 230 1240 odio
240 1202 268 1239 tui
283 1214 403 1253 progressus,
415 1201 449 1238 sed
467 1213 530 1238 errore
545 1201 641 1239 communi
655 1202 753 1251 lapsus20

72 1261 106 1293 est.
136 1255 155 1293 Is
165 1268 205 1298 rex,
215 1268 273 1306 quem
284 1261 362 1292 senatus
375 1255 412 1293 hoc
421 1254 497 1292 nomine
508 1268 561 1305 saepe
572 1255 720 1293 honorificentis-

72 1308 123 1346 simis
133 1308 215 1346 decretis
225 1308 368 1361 appellavisset,
379 1309 450 1359 quique
460 1321 520 1358 quum
534 1309 588 1345 illum
599 1309 685 1346 ordinem
695 1309 720 1346 ab

72 1362 201 1400 adolescentia
211 1362 346 1414 gravissimum
355 1362 533 1412 sanctissimumque
548 1362 639 1406 duxisset,
652 1362 720 1400 iisdem

72 1417 129 1453 rebus
149 1421 179 1453 est
202 1417 332 1467 perturbatus,
353 1415 411 1454 homo
432 1416 548 1467 longinquus
568 1421 587 1454 et
608 1416 719 1468 alienigena,

72 1470 141 1519 quibus
155 1483 190 1507 nos
204 1470 224 1507 in
240 1469 304 1507 media
320 1481 341 1507 re
360 1469 437 1520 publica
451 1469 491 1505 nati
510 1482 624 1520 semperque
643 1469 718 1513 versati,
727 1472 752 1507 25

73 1527 103 1560 11.
125 1537 185 1574 quum
202 1523 277 1561 audiret
291 1528 369 1560 senatus
385 1522 519 1560 consentientis
536 1523 650 1561 auctoritate
666 1535 720 1560 arma

71 1581 150 1627 sumpta
154 1590 159 1621 3
174 1577 289 1620 consulibus,
300 1576 422 1627 praetoribus,
433 1575 513 1613 tribunis
527 1576 584 1627 plebi,
595 1576 649 1614 nobis
659 1576 719 1627 impe-

70 1630 166 1668 ratoribus
183 1642 223 1667 rem
240 1630 338 1681 publicam
355 1629 497 1667 defendendam
514 1629 584 1672 datam,
605 1631 719 1667 movebatur

71 1684 133 1721 animo
151 1688 170 1721 et
186 1683 215 1721 vir
231 1683 276 1721 huic
292 1682 372 1734 imperio
387 1682 513 1720 amicissimus
530 1683 554 1720 de
570 1683 632 1720 salute
651 1683 719 1734 populi

70 1736 152 1774 Romani
169 1736 311 1780 extimescebat,
329 1736 347 1772 in
364 1748 402 1786 qua
418 1736 475 1773 etiam
493 1748 547 1772 suam
564 1749 606 1774 esse
625 1736 751 1774 inclusam30

70 1789 160 1834 videbat3
175 1790 194 1827 in
210 1802 286 1827 summo
302 1795 367 1827 tamen
385 1788 452 1826 timore
469 1788 607 1839 quiescendum
624 1789 659 1828 sibi
676 1802 718 1827 esse

71 1843 205 1881 arbitrabatur.
241 1842 325 1880 Maxime
341 1856 387 1881 vero
403 1842 526 1893 perturbatus
543 1851 577 1887 est,
597 1850 620 1880 ut
639 1843 717 1887 audivit,

71 1898 158 1934 consules
166 1910 190 1935 es
200 1896 257 1934 ltalia
266 1897 381 1948 profugisse,
390 1908 494 1946 omnesque
505 1897 614 1934 consulares
626 1895 660 1949 (sic
669 1897 718 1934 enim

71 1950 88 1987 ei
101 1949 241 2003 nunciabatur),
253 1955 344 1988 cunctum
355 1955 448 1994 senatum,
460 1954 521 1987 totam
532 1950 608 1988 ltaliam
619 1963 660 1988 esse
671 1951 718 1988 effu-

71 2016 120 2041 sam:
135 2004 206 2042 talibus
214 2003 264 2042 enim
271 2004 341 2041 nuntiis
348 2009 367 2041 et
376 2003 485 2042 rumoribus
496 2004 576 2054 patebat
584 2003 609 2042 ad
620 2004 717 2042 Orientem
725 2009 750 2044 35

70 2056 106 2101 vla,
117 2070 151 2095 nec
166 2058 199 2095 ulli
209 2058 249 2096 veri
258 2058 431 2109 subsequebantur,
460 2057 513 2095 Nihil
527 2057 558 2095 ille
573 2057 597 2095 de
608 2058 717 2095 conditioni-

70 2110 107 2148 bus
117 2111 160 2155 tuis,
170 2112 217 2149 nihil
231 2111 256 2149 de
265 2111 329 2149 studio
339 2111 445 2149 concordie
455 2115 475 2148 et
485 2111 542 2161 pacis,
554 2111 599 2149 nihil
609 2111 633 2149 de
644 2111 718 2162 conspi-

70 2163 143 2202 ratione
150 2164 241 2203 audiebat
251 2171 348 2203 certorum
357 2165 456 2203 hominnm
464 2171 529 2201 contra
537 2164 650 2215 dignitatem
658 2170 716 2202 tuam.

71 2217 120 2261 Qum
131 2230 191 2268 quum
205 2218 232 2255 ita
245 2224 315 2263 essent,
327 2223 391 2256 tamen
406 2231 467 2269 nsque
482 2230 504 2255 eo
514 2231 534 2255 se
549 2218 616 2262 tenuit,
632 2218 717 2267 quoada

72 2270 106 2308 On.
117 2270 209 2322 Pompeio
218 2272 277 2324 legati
288 2272 313 2310 ad
323 2285 368 2309 enm
377 2272 476 2322 literaeque
486 2276 583 2308 venerunt.
614 2276 643 2308 12.
659 2272 717 2323 Igno-
724 2276 750 2310 40

71 2335 108 2367 sce,
124 2323 207 2375 ignosce,
226 2325 297 2370 Caesar,
313 2326 328 2363 si
338 2326 380 2376 ejus
390 2326 424 2362 viri
440 2324 548 2362 auctoritati
563 2337 597 2362 rex
614 2325 717 2362 Deiotarus

71 2377 133 2421 cessit,
144 2390 201 2428 quem
216 2391 251 2416 nos
266 2391 331 2416 omnes
345 2379 406 2417 secuti
415 2391 492 2422 sumus;
509 2377 534 2415 ad
549 2391 606 2428 quem
616 2391 676 2429 quum
692 2379 717 2417 dii

70 2435 128 2480 atque
138 2430 225 2469 homines
235 2432 298 2470 omnia
312 2438 423 2470 ornamenta
433 2432 577 2484 congessissent,
591 2437 632 2470 tum
644 2432 717 2484 tuipse

70 2482 152 2533 plurima
162 2489 182 2522 et
191 2484 280 2522 maxima.
308 2486 379 2537 Neque
392 2487 448 2530 enim,
458 2485 474 2522 si
483 2489 523 2523 tuae
533 2498 564 2523 res
574 2491 635 2537 gestae
645 2491 717 2524 cetero-
