1738 2673
461 66 530 94 NOTES.

276 153 303 188 Et
312 154 414 198 Capitolinis
421 156 480 198 injecit
487 155 556 188 oedibus
563 156 617 197 ignes.

279 207 322 241 Tum
330 210 393 252 species
401 220 422 241 eu
430 220 462 241 aere
470 214 519 241 octus
525 219 639 251 generosaque
647 206 713 246 Natta,

277 262 361 300 Concidit,
370 262 461 305 elapsaque
470 266 534 294 vetusta
542 263 610 294 numine
619 262 676 303 legem·

275 315 301 347 Et
310 315 374 346 Diuum
381 315 472 346 simulacra
478 316 549 356 peremit
554 314 636 355 fulminis
644 313 698 359 ardor,

274 367 309 399 Hic
316 368 401 399 silvestris
409 371 451 404 erae,
460 366 532 398 Romani
540 368 612 398 neminie
620 366 680 404 alteia,

274 419 344 458 Martia,
353 430 389 462 qua
396 430 458 462 paruas
465 418 549 451 Mavortis
557 421 618 451 semine
627 424 675 451 natos

276 471 358 505 Uberibus
364 471 443 514 grauidis
452 472 502 504 uitali
508 483 545 504 rore
553 471 634 514 rigabat:

276 525 318 565 Quen
326 530 361 556 tum
370 535 407 557 eum
413 525 563 567 puerisjlammato
568 525 650 565 fulminis
658 526 694 558 ictu

275 578 359 616 Concidit,
368 582 418 620 atque
426 579 486 610 auulsa
492 578 555 621 pedum
563 579 637 621 vestigia
646 579 700 620 liquit.

275 630 319 663 Turn
327 632 364 673 quis
372 642 410 668 sion,
419 632 462 662 artis
469 632 532 673 scripta
542 642 561 662 ac
569 635 674 663 monumenta
683 630 767 669 volutans,

275 683 326 716 Voces
335 684 423 724 tristificas
432 684 495 716 obortis
502 684 587 727 promebat
596 684 690 716 Etruscis?

274 737 335 769 Omnes
343 737 392 769 ciuili
399 748 481 779 generosa
489 738 541 779 stirpe
547 736 641 779 profectam

276 789 334 822 Vitare
343 792 429 832 ingentem
438 789 503 822 cladem
509 795 606 831 pestemque
614 788 702 821 monebant
707 800 714 826 ;

276 842 307 874 Vel
315 843 371 885 legum
380 844 451 874 exitium
460 843 544 874 constanti
551 853 590 874 uoce
594 841 675 883 ferebant
679 853 686 879 ;

275 895 345 939 Templa
353 894 441 937 Deumque
450 895 490 926 adeo
493 894 571 937 flammis
579 894 659 936 urbesque
663 894 747 936 jubebant

272 948 350 991 Eripere,
359 952 375 979 et
383 953 458 990 stragem
466 946 562 979 horribilem
570 947 664 989 caedemque
672 948 737 979 uereri:

271 1000 327 1043 Atque
336 1001 370 1032 licea
375 1000 414 1042 flea
421 1003 472 1043 graui
477 1000 516 1041 sato
525 1011 544 1032 aa
549 1000 628 1041 fundata
636 1002 688 1032 teneri
693 1010 700 1037 ;

271 1053 296 1086 Ni
302 1059 347 1097 post,
356 1054 439 1085 eueelsum
448 1053 471 1084 ad
478 1054 552 1085 colurnen
558 1052 635 1094 formata
643 1053 705 1091 decore,
735 1078 737 1080 -
758 1092 760 1095 .

273 1107 338 1139 Sancta
347 1107 396 1138 Joois
403 1108 468 1149 species
476 1107 530 1138 claros
537 1111 621 1148 spectaret
629 1108 647 1138 in
655 1111 715 1138 ortus:

274 1159 318 1192 Tum
323 1159 368 1200 fore,
377 1165 396 1191 ut
404 1159 478 1191 occultos
485 1159 559 1202 populus
567 1165 668 1201 sanctusque
678 1159 753 1191 Senatus

273 1213 343 1245 Cernere
352 1218 422 1245 conatus
428 1217 492 1255 posset,
500 1214 521 1250 si,
530 1213 571 1244 solis
579 1212 601 1244 ael
609 1217 664 1244 ortum

273 1266 362 1303 Conversa,
371 1265 409 1297 inde
415 1270 485 1308 patrum
493 1265 542 1297 sedes
548 1265 639 1308 populique
648 1265 718 1297 videret.

272 1318 320 1357 Haec,
329 1318 398 1351 tardata
407 1318 437 1350 cliii
445 1320 515 1361 species,
523 1319 627 1360 multumque
635 1324 706 1356 morata,

273 1372 346 1403 Consule
356 1376 370 1402 te
380 1370 447 1402 tandem
456 1371 500 1402 celsa
509 1375 533 1402 est
542 1373 560 1402 in
569 1371 606 1401 secie
615 1371 682 1402 locata:

271 1424 327 1466 Atque
337 1423 410 1465 unafizi
418 1435 438 1455 ac
446 1425 513 1465 signati
521 1425 600 1466 temporis
609 1424 649 1455 bara

271 1478 352 1520 Juppiter
360 1477 427 1508 excelsa
435 1476 511 1508 clarabat
519 1481 586 1518 sceptra
595 1476 671 1508 columna
676 1487 683 1513 ,·

271 1530 297 1562 Et
305 1530 362 1562 elaeles
368 1529 596 1573 patriae‚flammaserroque
603 1534 671 1571 parata,

274 1582 346 1615 Vocibus
354 1582 464 1625 Allobrogum
471 1581 550 1625 patribus
556 1582 649 1624 populoque
656 1582 730 1625 patebat.

206 1637 227 1667 2.
239 1637 263 1667 In
277 1636 376 1674 Capitolio.
400 1635 462 1667 Where
474 1645 509 1666 ivus
522 1636 550 1666 the
563 1636 624 1676 temple
639 1637 658 1667 of
668 1635 771 1676 Jupiterand
785 1637 831 1669 other

181 1688 383 1730 templesl—Percnssos,
391 1689 430 1720 with
441 1689 525 1730 lightning.

204 1742 226 1772 3.
239 1743 330 1780 Depulsa.
354 1741 395 1773 This
403 1742 447 1773 word
456 1743 519 1782 implius
527 1753 537 1772 a
545 1741 641 1784 displacing,
650 1741 719 1783 duecte
731 1743 747 1774 in
755 1743 783 1774 the
791 1747 831 1775 next

181 1796 219 1833 line,
227 1806 237 1826 a
245 1796 326 1837 thiewing
334 1796 381 1826 doxon
389 1806 406 1826 or
414 1796 524 1836 overturning„
547 1795 578 1825 See
588 1793 648 1835 Nepos,
657 1794 712 1826 Aleib.
720 1795 736 1833 3,
744 1796 759 1827 2.

204 1850 225 1879 4.
238 1849 309 1885 Legum
321 1856 366 1879 aera.
390 1848 427 1879 The
440 1850 480 1880 laius
493 1849 509 1879 in
518 1849 545 1879 the
554 1848 618 1879 earliest
632 1849 685 1888 period
694 1859 736 1879 inere
748 1850 831 1891 eiigraved

181 1911 202 1933 on
211 1901 268 1932 tablels
276 1901 294 1932 of
300 1901 356 1940 wood;
367 1911 406 1932 soon
415 1901 515 1937 alternatim,
524 1902 605 1937 however,
613 1911 633 1931 on
646 1901 704 1932 tablets
712 1902 730 1932 oi
739 1902 788 1939 brass,
798 1903 830 1933 arrd

181 1959 206 1985 set
214 1964 236 2000 up
248 1956 264 1985 in
272 1964 316 1985 some
324 1954 377 1994 public
386 1955 439 1993 place,
448 1959 489 1984 most
497 1954 589 1994 frequently
596 1954 612 1985 in
621 1965 631 1984 a
643 1955 708 1994 temple,
717 1955 805 1995 especially
813 1956 830 1986 in

182 2007 214 2038 and
223 2007 284 2038 around
292 2007 320 2037 the
329 2008 389 2047 temple
398 2007 415 2037 oi
424 2006 488 2046 Jupiter
495 2016 515 2037 ou
524 2007 552 2037 tue
561 2004 631 2046 Capitol,
640 2006 671 2037 and
684 2008 700 2037 in
709 2008 736 2038 the
744 2006 830 2039 AErerium

182 2059 254 2091 Saturni.

204 2113 226 2142 5.
239 2111 309 2142 Tactus
315 2111 344 2141 est
352 2126 372 2139 =
382 2111 447 2142 afflatus
455 2112 512 2143 leviter
519 2112 588 2143 fulmine
597 2116 615 2142 ut
623 2113 694 2153 explieat
703 2113 748 2145 Serv.
757 2114 777 2145 ed
784 2112 829 2156 Virg.

180 2163 289 2205 Buc.1‚17;
301 2163 364 2202 ΛΕΜ,
373 2164 410 2196 649,

203 2218 224 2248 6.
239 2219 302 2254 Quem
314 2217 429 2248 inauratum.
453 2217 488 2249 Liv.
501 2217 527 2255 10,
535 2217 562 2256 23,
571 2218 591 2249 de
603 2228 618 2249 Λ.
627 2228 642 2249 u.
650 2229 664 2250 c.
677 2218 715 2256 458,
728 2218 758 2251 Cn.
767 2225 783 2251 et
797 2219 828 2259 Qu.

182 2271 255 2313 Ogulnii
266 2270 324 2302 «ediles
336 2270 448 2302 curules-acl
455 2271 509 2311 ficum
518 2270 625 2302 Ruminalem
640 2275 682 2312 (qum
693 2277 728 2303 erat
739 2274 755 2304 in
764 2274 828 2305 comitio

180 2335 229 2367 prope
241 2326 311 2364 curiam)
326 2325 417 2356 simulacra
432 2324 525 2365 insontium
537 2324 637 2356 conditorem
649 2323 696 2356 urbis
707 2325 738 2357 sub
751 2325 829 2358 uberibus

181 2379 225 2420 lupe
233 2383 329 2420 posueruut.
354 2378 378 2409 M.

204 2433 225 2463 'l-
237 2432 305 2461 Fuisse
313 2432 433 2462 meministis.
447 2431 469 2462 So
477 2432 534 2468 above,
542 2432 620 2462 rnernoriu
629 2432 690 2462 tenetis
698 2454 701 2461 .
710 2454 714 2461 .
722 2454 726 2461 .
732 2440 828 2473 percussas.

179 2483 227 2517 With
235 2486 280 2517 what
288 2488 333 2516 tense
342 2485 360 2515 oi
366 2484 394 2515 the
402 2484 481 2517 infinitivo
490 2485 503 2516 ie
511 2484 578 2515 memini
586 2483 653 2526 joinedl
676 2483 695 2515 Z.
703 2484 740 2518 589.
