1738 2673
115 94 154 131 456
423 101 489 127 uerus.

114 165 219 251 {Egplfflrius
228 195 275 229 esset,
284 195 303 223 ut
311 195 339 223 aut
347 190 397 232 hujus
404 192 457 223 salute
466 189 583 228 conservanda,
592 193 626 221 aut
633 189 706 230 ejusdem
712 189 760 221 exitio
768 189 796 221 de.

159 245 246 276 cernendo.

173 299 209 328 ll.
223 297 318 334 Videatis
326 298 342 329 h.
351 309 366 329 e.
374 297 473 339 intelligatis,
480 297 556 337 vobisque
565 296 680 336 persuadeatis.

170 349 204 380 Cu.
212 349 361 381 XXXVIi.-12.
374 350 412 380 His
425 349 519 379 lacrimis.
543 349 575 380 See
586 353 624 379 note
633 359 654 379 on
662 359 676 390 p.
685 348 722 385 136,
730 349 762 380 iine
772 348 794 379 13.

147 402 205 434 —Est
213 426 216 432 .
224 426 227 433 .
235 426 248 433 ..
258 404 314 434 orrirui.
338 402 386 434 Kiotz
393 403 426 433 and
434 402 491 443 Siipfia
502 402 542 433 take
550 403 596 433 these
605 402 657 433 words
665 412 683 432 as
691 412 701 433 a
709 402 796 443 parenthe-

147 455 174 492 εἰς,
182 457 247 497 erasing
255 456 283 486 tire
292 455 345 495 period
354 456 395 486 atter
404 453 452 491 Milo,
461 454 492 486 und
501 455 597 497 coutinuing
604 454 634 485 sed
642 455 726 492 exsilium,
736 454 768 486 &a

172 509 208 538 13.
222 509 320 539 Exsilium
332 509 360 537 ibi
372 515 413 538 esse
424 506 484 545 putat,
497 508 564 548 ideoque
572 508 640 549 patriam
652 518 693 545 esse,
701 508 796 548 ubieunque

147 561 202 592 virtuti
211 561 256 592 loeus
263 562 288 592 sit.

171 616 208 643 14.
222 613 303 644 Mortem
311 613 384 643 naturae
396 611 453 642 finem
465 620 513 643 esse.
537 612 582 643 014
590 613 608 644 in
621 612 659 644 car.
667 613 683 649 4,
693 612 708 649 1,
717 612 750 644 and
758 615 795 643 note

147 676 168 697 ou
176 676 191 706 p.
199 667 227 703 40,
235 666 268 698 line
279 664 306 697 30.
329 664 408 703 Nature,
417 667 426 697 i.
434 677 448 697 e.
460 665 555 703 existentiis,
567 675 617 706 quam
629 666 678 708 vulgo
688 668 754 703 vocant,
762 665 795 697 sive

148 719 218 750 vivendi.

171 773 207 802 15.
221 772 258 802 Sed
265 770 305 802 hic.
329 771 366 803 The
378 772 447 813 reading
455 772 469 802 is
480 772 519 802 here
532 770 601 802 various.
625 770 694 812 Madvig
705 770 735 801 has
747 770 796 812 given

146 824 183 855 that
191 825 209 855 oi
217 823 269 855 Godd.
279 823 318 865 Ers.
325 824 357 856 aud
366 824 435 859 Bovort.
445 825 485 855 with
493 835 503 854 a
511 824 551 854 little
560 823 646 855 differenee
655 824 674 854 os
683 824 794 864 punctuation.

146 876 174 908 He
182 876 265 908 remarks:
277 877 351 909 Verbum
364 878 385 908 ad
396 878 495 917 superiorem
509 880 573 917 partem
586 877 673 907 assumitur
681 887 702 907 ex
714 877 766 907 altera
778 880 795 907 et

146 930 227 961 contraria
235 934 281 970 parte
289 931 382 967 sententie,
394 930 467 961 similiter
479 929 581 960 conformata
594 929 660 968 (eritis).
684 928 721 960 Nee
734 929 795 960 haerere

146 981 229 1019 debemus,
237 983 278 1023 quod
287 993 307 1013 ex
319 984 375 1014 tuturo
383 993 454 1024 praesens
461 983 536 1018 sumitur,
544 982 617 1012 similiter
625 986 673 1021 atque
686 980 707 1012 de
715 980 770 1023 Legg.
780 982 795 1019 1,

146 1035 162 1071 5,
172 1035 202 1065 17:
214 1046 250 1077 quie
258 1036 296 1076 (res)
306 1035 389 1077 qnondam
397 1045 407 1065 o
414 1035 473 1066 moitis
481 1034 533 1065 clar-is
540 1035 583 1065 airis
589 1033 717 1074 (sustinebatur),
724 1045 768 1065 nune
775 1033 795 1065 ab

147 1098 179 1118 uno
191 1098 256 1119 aninmo
268 1090 370 1119 auctoritate
381 1092 398 1119 et
410 1088 481 1119 scientio
493 1087 593 1118 sustinetur.
617 1085 670 1117 Other
681 1087 757 1129 readings
768 1097 796 1118 are

147 1139 183 1171 Sed
191 1140 217 1171 iric
224 1151 242 1172 eo
248 1146 301 1172 ruente
307 1146 360 1176 ,natus
366 1145 391 1172 eet
398 1140 431 1172 aud
437 1144 508 1172 ornatus
515 1144 545 1171 est.
568 1138 617 1171 Klotz
623 1150 628 1171 .·
640 1138 669 1171 Sir
678 1138 705 1170 hic
711 1150 731 1170 eo
736 1143 796 1178 mente,

146 1198 276 1234 quunntusest.
302 1193 397 1232 Quid,&o.

172 1247 207 1276 16.
221 1246 332 1277 Memoriam
345 1247 430 1276 Milonis.
455 1244 536 1286 Compare
548 1244 574 1276 ch.
586 1244 613 1282 38,
623 1244 661 1282 104,
674 1245 727 1276 antini
738 1254 796 1277 eronu-

146 1304 208 1330 menta.

171 1353 207 1383 18.
221 1353 263 1387 Qui
276 1351 390 1389 procreavit.
415 1351 447 1382 See
459 1356 497 1382 note
509 1361 529 1382 on
542 1361 556 1391 p.
566 1350 604 1388 133,
615 1350 684 1382 1511013.
707 1350 749 1383 Milo
761 1361 796 1382 was

145 1404 185 1436 burn
193 1405 209 1436 in
218 1404 316 1436 Lanuvium.
339 1403 388 1435 Exite
396 1404 477 1435 exterrded
486 1407 502 1434 to
510 1404 531 1435 ali
540 1403 590 1445 Italy.

168 1458 205 1487 21.
219 1457 349 1494 Centuriones,
363 1464 439 1495 vosque,
452 1457 532 1487 mutes.
561 1456 593 1488 See
607 1456 633 1488 ch.
647 1457 661 1488 1.
684 1455 722 1488 Tho
734 1457 795 1500 guards

145 1520 187 1541 were
197 1511 213 1540 in
220 1510 292 1551 hearing
299 1511 318 1541 of
324 1510 387 1541 Cicero.
667 1506 669 1508 ’

168 1563 205 1593 23.
218 1563 341 1600 Expellam,
350 1561 516 1599 exterminabitur,
528 1561 655 1599 projicieture
679 1561 766 1593 Demosth.
778 1563 795 1595 in

145 1614 215 1656 Aristog.
227 1614 295 1653 ἐξορίσαι,
303 1615 347 1653 pipat
355 1613 370 1643 ἐκ
378 1619 402 1649 τῆς
412 1613 472 1650 πόλεως,
479 1614 541 1643 ἀνελεῖν.
565 1613 598 1645 Sed
609 1615 674 1655 gravius
686 1614 745 1646 Cicero
754 1626 794 1657 pro·
842 1622 850 1640 ὃ

140 1667 219 1708 jicietnr,
228 1671 307 1707 tauquam
315 1676 341 1696 res
349 1669 437 1697 contemta.
457 1664 488 1695 Est
497 1671 552 1697 autem
561 1667 588 1697 hio
597 1668 701 1709 congregatio
709 1669 795 1701 verborum

144 1719 188 1752 idem
196 1719 371 1762 feresiguifieantium,
380 1719 400 1750 de
412 1728 444 1759 qua
456 1717 534 1755 Quinctil.
543 1720 559 1757 9,
570 1719 586 1757 3,
598 1720 625 1757 45,
638 1730 673 1760 quae
687 1721 703 1752 h.
712 1721 721 1752 l.
733 1721 795 1754 iudicat

144 1774 225 1811 animum,
232 1772 273 1813 quod
279 1773 348 1805 verbum
356 1773 379 1803 rei
388 1772 577 1804 accommodatissimum
589 1777 606 1804 et
617 1774 731 1815 gravissimum
743 1775 769 1812 sit,
777 1775 794 1806 in

144 1824 204 1857 affeetu
217 1827 331 1867 ambigentem.
355 1824 386 1856 Est
399 1828 455 1855 autem
469 1825 573 1867 iuterrogatio
586 1825 687 1857 detestantis.
711 1826 793 1868 Compare

143 1882 182 1909 note
190 1888 211 1909 ou
220 1888 235 1919 p.
245 1878 271 1914 19,
279 1878 311 1909 iiue
319 1878 334 1908 5.

168 1932 205 1962 24.
218 1932 234 1960 0
242 1939 271 1961 me
279 1932 378 1960 miserum.
402 1929 428 1961 Cf.
437 1928 516 1966 Quinctii.
525 1929 541 1967 6,
550 1931 566 1967 1,
574 1930 602 1961 24.

168 1984 204 2014 26.
217 1983 315 2013 Retinere.
339 1982 402 2013 Which
410 1983 468 2013 should
476 1983 496 2014 be
504 1984 555 2014 easier
563 1983 604 2014 than
612 1994 693 2015 reuocare.

142 2054 143 2057 =
168 2036 205 2066 27.
218 2035 296 2064 Liberis
311 2035 366 2064 meis.
397 2034 466 2065 Marcus
483 2035 515 2066 aud
529 2034 704 2068 Trina-Paremen
718 2036 793 2070 aiterum.

144 2086 169 2119 As
177 2088 226 2130 being
234 2087 262 2118 the
270 2091 338 2118 restorer
346 2088 364 2118 or
369 2087 412 2118 their
420 2087 458 2118 first.

168 2141 205 2172 28.
219 2140 262 2175 Qui
269 2147 319 2169 nune
328 2141 378 2170 abes·
396 2139 450 2172 Senot.
459 2139 509 2172 Bob:
521 2140 660 2182 Opportunissime
669 2142 751 2174 fortunam
760 2142 793 2175 Mi-

143 2194 184 2226 iouis
191 2204 220 2235 per
227 2197 279 2224 totam
285 2193 353 2224 domum
361 2202 409 2224 suam
418 2193 530 2234 familiamque
538 2196 655 2232 communicat,
667 2200 686 2226 ut
694 2199 793 2237 congregata

142 2257 171 2288 per
178 2247 238 2278 multos
247 2247 328 2277 miseratio
336 2247 390 2287 magis
398 2251 501 2278 commoveat
513 2247 587 2279 affectus.
610 2247 668 2280 Frater
677 2251 732 2280 auteur
744 2247 792 2280 Cice·

102 2315 106 2320 «
142 2301 185 2331 rouis
194 2298 215 2336 Q.
224 2298 289 2330 Tullius
297 2299 379 2341 legatione
388 2303 428 2330 tuno
437 2300 453 2330 in
462 2299 517 2331 Gallia
529 2300 572 2340 apud
580 2302 670 2332 exereitum
678 2301 747 2333 Cresaris
755 2301 793 2333 sun-

144 2352 323 2395 gebatur-Gomorra
348 2351 437 2383 Cousortes
445 2350 513 2392 fratrer
525 2363 552 2384 are
564 2353 638 2395 properly
646 2354 692 2385 those
701 2354 737 2385 who
749 2354 792 2386 have

143 2411 172 2438 uot
177 2411 206 2447 yet
214 2406 278 2438 divided
287 2417 297 2437 a
305 2416 381 2437 common
389 2406 502 2446 inheritaueo;
514 2407 551 2439 who
559 2407 591 2438 live
600 2408 616 2438 iu
624 2407 726 2448 commuuity
733 2407 751 2438 os
757 2417 793 2447 pro-

142 2463 194 2501 perty.
212 2458 281 2491 Festus:
293 2458 331 2490 Sors
339 2462 355 2490 et
363 2459 478 2500 patrimonium
485 2459 573 2501 siguificat,
579 2460 623 2491 uude
630 2464 712 2491 consortes
718 2460 792 2492 dicimus.

143 2511 178 2545 Cio
189 2511 235 2545 Veri.
243 2513 259 2551 3,
267 2511 295 2550 23,
303 2513 335 2545 57:
347 2516 381 2544 nes
386 2511 454 2553 fratres
465 2517 553 2545 consortes.
577 2511 690 2556 Figurativeiy
698 2522 764 2546 consors
772 2528 792 2544 =
