1738 2673
239 60 278 87 eno
289 60 340 86 naen
349 59 441 92 1111111111,
452 58 496 85 cur.
507 59 547 85 11111.
723 52 748 90 63

70 150 134 190 dicam
143 150 181 188 hoc
188 149 230 187 loco
237 149 321 199 majores
327 152 402 186 nostros
412 159 488 198 semper
495 147 514 184 in
523 160 571 199 pace
578 147 716 191 consuetudini,

70 205 90 243 in
100 204 150 243 bello
160 202 238 241 utilitati
248 202 345 254 paruisse,
361 214 437 253 semper
447 201 471 239 ad
479 214 538 239 novos
545 215 600 239 casus
608 207 717 252 temporum

71 271 164 296 uovorum
181 256 301 295 consiliorum
317 255 399 293 rationes
417 256 584 300 accommodasse;
601 268 639 293 non
654 256 717 293 dicam

71 313 110 350 duo
130 311 179 350 bella
198 310 286 354 maxima,
306 309 401 347 Punicum
417 314 477 360 atque
491 309 623 360 Hispaniense,
640 310 664 347 ab
678 321 717 346 uno

70 365 186 417 imperatore
203 376 244 402 esse
263 363 360 407 confecta;
383 362 470 414 duasque
490 364 548 402 urbes
569 364 735 415 potentissimas5

71 432 114 471 quae
125 419 168 457 huic
179 418 259 469 imperio
268 418 351 455 maxime
361 417 502 461 minitabantur,
511 417 651 469 Karthaginem
659 422 717 468 atque

74 472 201 516 Numantiam,
213 472 237 510 ab
252 472 320 510 eodem
330 470 418 522 Scipione
433 484 473 509 esse
488 471 572 509 deletas:
587 484 625 509 non
635 484 717 509 comme-

71 528 151 566 morabo
161 539 223 578 nuper
237 526 264 562 ita
279 526 332 564 vobis
347 525 471 576 patribusque
481 526 549 563 vestris
566 538 608 563 csse
617 526 684 569 visum,
695 529 717 562 ut

71 582 89 619 ln
107 594 145 618 uno
164 581 185 618 O.
203 579 264 617 Mario
284 592 328 630 spes
343 579 416 630 imperii
435 586 544 629 poneretur,
564 585 586 617 ut
605 579 655 617 idem
673 592 717 616 cum

71 636 175 687 Iugurtha,
192 634 244 672 idem
254 646 298 671 cum
313 633 400 677 Cimbris,
411 633 463 670 idem
479 646 523 671 cum
540 633 629 671 Teutonis
644 632 716 670 bellum
725 636 750 671 10

71 688 221 726 administraret:
238 690 269 724 61.
283 686 302 724 in
312 687 353 738 ipso
365 687 399 725 On.
410 686 508 737 Pompeio,
517 687 535 724 in
545 700 584 737 quo
594 687 637 724 nori
647 686 716 724 consti-

71 743 98 780 tui
108 742 154 780 nihil
164 742 206 779 uult
216 742 238 786 Q.
250 741 337 784 Catulus,
348 740 476 791 quammulta
487 740 523 777 siut
540 753 589 778 nova
603 753 678 778 summa
693 740 716 785 Q.

71 795 135 834 Catuli
145 797 244 834 voluntate
254 795 363 837 constituta,
374 794 505 832 recordamini.

97 850 150 888 XXI.
167 849 217 895 Quid
228 854 268 886 tam
278 861 355 892 novum,
364 862 421 899 quam
431 847 602 891 adolescentulum,
614 847 716 898 privatum,

72 903 174 941 exercitum
184 902 255 940 difficili
264 902 291 939 rei
306 902 388 953 publicae
400 908 486 951 tempore
496 902 604 939 conficere?
622 902 715 939 confecit:
725 904 749 939 15

71 957 113 996 huic
128 957 230 1009 praeesse?
245 956 334 1008 praefuit:
355 968 396 993 rem
413 955 484 1006 optime
502 955 562 993 ductu
580 968 615 993 suo
632 955 716 1007 gerere?

70 1011 133 1063 gessit.
172 1010 223 1055 Quid
240 1015 279 1047 tam
297 1015 369 1060 praeter
388 1010 551 1053 consuetudinem,
569 1023 627 1059 quam
645 1008 717 1046 homini

71 1063 226 1114 peradolescenti,
237 1063 292 1113 cujus
302 1070 350 1100 aetas
364 1076 375 1099 a
385 1063 480 1100 senatorio
490 1063 553 1114 gradu
563 1063 619 1114 longe
634 1063 716 1106 abesset,

70 1117 170 1168 imperium
188 1123 246 1167 atque
265 1116 369 1154 exereitum
389 1115 435 1160 dari,
453 1115 536 1154 Siciliam
555 1114 639 1167 pel'mitti
659 1121 717 1167 atque

73 1172 156 1209 Africam
172 1171 282 1221 bellumque
299 1170 318 1207 in
335 1183 357 1208 ea
373 1170 560 1207 administrandum?
595 1170 639 1207 Fuit
653 1170 672 1206 in
688 1170 749 1206 hisae

12 1268 15 1273 ,
71 1224 169 1275 provinciis
180 1224 271 1275 singulari
286 1224 393 1260 innocentia
410 1224 505 1274 gravitate
516 1224 596 1260 virtute:
612 1223 683 1261 bellum
698 1223 717 1259 in

73 1279 137 1315 Africa
154 1279 259 1316 maximum
276 1277 362 1320 confecit,
373 1277 465 1315 victorem
481 1276 585 1314 exercitum
600 1277 715 1327 deportarit.

70 1332 121 1377 Quid
132 1345 176 1370 vero
186 1337 227 1369 tam
236 1331 349 1375 inauditum,
360 1344 418 1382 quam
428 1331 510 1381 equitem
525 1331 635 1369 Romanum
650 1331 715 1368 trium-

71 1386 144 1437 phare?
160 1390 179 1423 at
190 1398 232 1424 eam
247 1397 323 1436 quoque
333 1398 373 1422 rem
389 1385 473 1435 populus
491 1385 588 1422 Romanus
604 1397 641 1421 non
658 1385 716 1421 modo

72 1439 122 1482 uidit,
133 1439 167 1476 sed
182 1439 233 1476 omni
248 1439 306 1476 etiam
321 1439 385 1475 studio
399 1439 497 1475 visendam
508 1446 527 1476 ct
545 1438 715 1475 concelebrandam
725 1441 749 1474 25

72 1493 150 1543 putavit.
180 1497 211 1529 62.
227 1492 277 1536 Quid
294 1497 334 1529 tam
348 1492 466 1535 inusitatum,
482 1505 540 1542 quam
555 1499 582 1536 ut,
601 1505 659 1542 quum
677 1491 716 1529 duo

70 1546 156 1584 consules
167 1545 265 1584 clarissimi
278 1545 413 1596 fortissimique
424 1550 492 1589 essent,
504 1557 562 1596 eques
577 1546 676 1583 Romanus
691 1544 716 1582 ad

71 1599 141 1638 bellum
151 1599 256 1637 maximum
265 1599 500 1649 formidolosissimumque
515 1612 551 1650 pro
561 1600 639 1637 consule
652 1599 716 1636 mitte-

71 1653 138 1690 retur?
153 1653 222 1690 missus
232 1658 266 1689 est.
296 1653 338 1697 Quo
349 1653 426 1702 quidem
442 1659 534 1703 tempore,
546 1666 605 1703 quum
616 1659 666 1690 esset
678 1666 716 1689 non

71 1719 125 1743 ucmo
140 1706 159 1743 in
173 1712 247 1750 senatu⁷
262 1706 295 1756 qui
309 1706 385 1749 diceret,
400 1705 448 1743 Noa
462 1712 543 1754 opertae
559 1707 610 1743 1111111
624 1707 750 1743 1011111130

70 1760 166 1807 privatam
176 1773 214 1808 pro
228 1760 316 1806 cerraccla·
330 1759 352 1797 L,
366 1759 469 1810 Philippus
482 1760 551 1798 dixisse
567 1760 646 1798 dicitur:
669 1760 717 1798 Noa

69 1825 87 1849 aa
106 1813 163 1849 illam
181 1825 217 1850 scca
236 1815 325 1850 sententie
344 1826 382 1862 pro
400 1815 479 1857 coticula,
501 1815 531 1851 aad
553 1826 589 1862 pro
610 1814 717 1851 consulibus

69 1867 145 1904 actitem.
173 1867 235 1904 Tanta
248 1867 267 1904 in
281 1879 304 1904 eo
318 1868 345 1904 rei
359 1867 441 1917 publicae
457 1868 505 1905 bene
518 1868 607 1920 gerendae
617 1881 662 1918 spes
672 1880 717 1906 con-

70 1920 191 1965 stituebatur,
201 1925 224 1957 ut
234 1920 316 1959 duorum
327 1921 427 1958 consulum
437 1934 507 1958 munus
521 1922 577 1959 unius
590 1921 717 1960 adolescentis

69 1974 135 2012 uirtuti
150 1974 307 2013 committeretur.
341 1974 392 2020 Quid
408 1980 449 2012 tam
465 1975 567 2027 singulare,
583 1989 642 2027 quam
658 1980 680 2014 ut
694 1989 717 2014 ex
725 1977 750 2012 35

69 2033 147 2066 senatus
162 2030 249 2067 consulto
265 2028 341 2081 legibus
357 2029 432 2067 solut-us
447 2029 513 2067 consul
528 2036 572 2068 ante
588 2030 648 2074 fieret,
659 2043 718 2081 quam

69 2081 130 2118 ullum
141 2082 199 2118 alium
209 2083 344 2133 magistratum
359 2095 393 2132 per
407 2083 460 2134 leges
471 2096 540 2133 capere
556 2084 656 2121 licuisset?
671 2083 718 2133 quid

69 2137 109 2171 tam
119 2134 234 2180 incredibile,
245 2148 303 2186 quam
312 2136 414 2173 utiterum
424 2149 482 2186 eques
497 2136 595 2174 Romanus
605 2150 629 2174 eu
639 2143 717 2174 senatus

70 2189 157 2227 consulto
171 2190 315 2240 triumpharet?
344 2190 392 2235 Quae
408 2190 427 2227 iu
438 2191 526 2228 omuibus
543 2191 651 2228 homiuibus
668 2202 717 2227 nova

69 2248 114 2292 post
124 2242 221 2280 hominum
231 2244 343 2281 memoriam
354 2244 458 2282 constituta
468 2248 518 2288 sunt,
527 2257 549 2281 ea
559 2249 599 2281 tam
609 2244 670 2281 multa
679 2256 718 2280 non
725 2244 751 2278 40

69 2301 119 2340 suut,
138 2309 196 2347 quam
213 2297 261 2342 haec,
279 2311 323 2349 quae
341 2298 360 2336 in
374 2298 410 2335 hoc
426 2310 463 2335 uno
476 2297 552 2335 homine
563 2297 655 2336 videmus,
685 2301 716 2335 63.

69 2349 136 2400 Atque
149 2350 190 2387 haec
201 2355 230 2388 tot
240 2353 329 2402 exempla
339 2357 393 2389 tanta
403 2364 426 2388 ac
436 2357 476 2388 tam
486 2364 535 2389 nora
545 2352 633 2402 profecta
642 2356 687 2389 sunt
699 2351 718 2389 111

70 2403 152 2441 eundem
162 2404 259 2442 hominem
273 2417 284 2442 a
300 2405 469 2455 aemulaque
484 2418 495 2442 a
509 2411 616 2443 ceterorum
631 2404 719 2458 ejusdem

70 2457 168 2509 dignitatis
178 2458 339 2509 amphssimomm
348 2460 448 2498 hominum
457 2459 578 2499 auctoritate.
