1738 2673
105 70 141 107 116
425 82 497 109 onrrlo

137 168 246 220 reprimere,
257 170 273 209 si
283 175 367 223 possent,
375 184 434 222 quum
444 176 519 210 tantum
529 171 641 210 beneficium
655 171 672 210 ei
681 185 702 210 se
712 170 783 210 debere

137 224 282 270 arbitrarentur,
300 231 324 269 et,
339 225 355 263 si
371 226 448 270 vellent,
462 226 543 264 fortasse
556 226 587 263 vix
601 231 680 277 possent
696 227 784 277 frangere

137 277 219 316 hominis
227 279 367 318 sceleratissimi
374 280 517 318 corroboratam
524 280 566 331 jam
573 285 669 318 vetustate
677 279 783 318 audaciam.

138 336 170 370 33.
185 334 219 371 An
229 347 279 378 vero,
288 333 369 384 judices,
380 347 414 371 vos
424 334 459 371 soli
470 334 568 385 ignoratis,
578 347 612 372 vos
622 334 708 386 hospites
717 335 737 372 in
746 334 783 372 hac

116 386 185 425 5urbe
200 387 316 425 versamini?
330 393 399 425 vestrae
413 388 559 439 peregrinantur
572 400 628 426 aures
637 401 700 439 neque
713 389 732 426 in
745 388 783 426 hoc

137 447 244 493 pervagato
259 441 341 479 civitatis
356 453 443 479 sermone
459 445 565 485 versantur,
580 454 628 493 quas
642 442 673 480 ille
690 442 743 495 leges
759 440 783 493 (si

136 495 190 546 leges
199 495 320 533 nominandae
329 500 379 540 sunt,
390 508 412 533 ac
425 508 463 533 non
472 495 524 533 faces
537 495 595 540 urbis,
606 501 670 548 pestes
680 497 707 534 rei
720 496 782 548 publi-

137 548 172 599 cae)
192 548 250 586 fuerit
269 548 393 599 impositurus
412 549 466 587 nobis
486 548 574 587 omnibus
590 555 648 601 atque
668 550 785 588 inustnrusf

136 601 217 646 Exhibe,
228 615 301 653 quaeso,
313 602 371 640 Sexte
386 602 448 648 Olodi,
459 603 528 641 exhibe
538 602 637 642 librarium
654 604 702 642 illud
716 605 782 656 legum

102 659 126 693 10
137 662 249 701 vestrarum,
263 656 316 708 quod
332 662 352 694 te
366 657 419 694 aiunt
435 658 527 709 eripuisse
544 670 555 695 e
569 658 627 696 domo
641 663 661 696 et
677 671 701 696 ex
714 657 782 696 mediis

136 710 193 747 armis
206 711 301 762 turbaque
312 717 404 749 nocturna
418 717 517 763 tamquam
531 711 641 749 Palladium
651 712 746 756 extulisse,
760 717 782 749 ut

136 764 252 814 praeclarum
262 764 351 802 videlicet
361 778 430 802 munus
443 771 502 816 atque
511 764 659 803 instrumentum
674 766 781 804 tribunatus

136 817 162 855 ad
178 818 267 869 aliquem,
278 818 293 856 si
310 825 377 857 nactus
395 832 452 864 esses,
470 819 503 870 qui
517 823 552 856 tuo
568 819 645 857 arbitrio
662 820 781 857 tribunatum

135 877 217 923 gereret,
233 873 307 911 deferre
322 885 393 922 posses.
422 873 489 923 Atque
503 885 539 924 per
549 871 561 894 l'
572 871 584 895 l‘
595 872 613 910 ⁷².
635 874 669 910 An
682 874 740 925 hujus
750 873 781 911 ille

101 929 125 965 15
135 925 189 977 legis,
196 939 254 977 quam
264 927 307 965 sex,
316 926 395 964 Clodius
405 939 417 962 a
426 940 447 964 se
456 927 553 964 inventam
560 926 657 978 gloriatur,
666 928 781 965 mentionem

134 979 198 1018 facere
214 992 272 1018 ausus
289 985 344 1024 esset,
361 980 404 1018 viro
421 980 498 1024 Milone,
509 992 533 1017 ne
546 980 607 1018 dicam
624 981 716 1019 consule?
750 981 781 1019 De

134 1039 221 1071 nostrum
230 1034 379 1071 omnium-non
389 1034 451 1071 audeo
459 1039 521 1071 totum
531 1034 599 1072 dicere.
619 1035 695 1079 Videte,
704 1035 750 1086 quid
758 1047 781 1072 ea

134 1086 175 1125 ritii
187 1087 218 1125 lex
228 1088 317 1126 habitura
326 1087 389 1130 fuerit,
405 1088 460 1138 cujus
471 1087 577 1139 periculosa
587 1088 645 1126 etiam
658 1088 780 1140 reprehensio

135 1146 170 1178 est.
191 1141 217 1178 Et
227 1141 315 1192 adspexit
324 1153 355 1178 me
365 1140 400 1178 illis
408 1141 486 1191 quidem
496 1141 561 1185 oculis,
570 1142 639 1192 quibus
650 1147 691 1179 tum
699 1142 779 1187 solebat,

100 1198 125 1232 20
135 1208 194 1245 quum
204 1195 291 1233 omnibus
301 1194 364 1232 omnia
376 1195 490 1232 minabatur.
518 1194 584 1232 Movet
594 1207 625 1233 me
635 1196 706 1247 quippe
715 1196 780 1233 lumen

135 1262 200 1286 currae.

161 1302 218 1340 XHl.
234 1302 299 1347 Quid?
314 1305 337 1338 tu
350 1314 381 1338 me
397 1301 432 1339 tibi
446 1301 521 1346 iratum,
533 1301 597 1346 Sexte,
612 1306 674 1353 putas,
686 1303 741 1354 cujus
758 1307 779 1340 tu

134 1355 282 1393 inimicissimum
292 1355 353 1392 multo
365 1354 461 1393 crudelius
471 1355 528 1392 etiam
542 1355 619 1405 punitus
629 1369 654 1399 es,
666 1369 723 1406 qnam
738 1360 779 1394 erat

134 1409 258 1447 humanitatis
268 1421 316 1446 meae
326 1408 438 1459 postulare?
466 1409 496 1445 Tu
505 1409 527 1446 P.
539 1408 601 1446 Clodii
611 1415 710 1447 cruentum
721 1410 778 1448 cada-

99 1467 124 1501 25
134 1475 168 1500 rer·
183 1463 255 1513 ejecisti
271 1463 334 1505 domo,
347 1466 370 1499 tu
385 1463 405 1499 in
421 1462 519 1513 publicum
534 1462 625 1513 abjecisti,
640 1468 662 1500 tu
677 1464 779 1514 spoliatum

133 1516 254 1568 imaginibus,
262 1515 361 1566 exsequiis,
372 1528 449 1566 pompa,
460 1515 532 1553 laudat
520 1521 574 1560 t,rone
583 1516 713 1555 infelicissimis
723 1516 778 1568 lignis

134 1569 232 1608 semusti]
231 1576 279 1614 turn,
300 1569 396 1607 nocturnis
422 1570 502 1607 canibus
528 1569 657 1607 dilaniandum
681 1570 777 1631 reliquisti

134 1625 198 1670 Quare
208 1624 243 1662 1151
257 1622 327 1661 nefarie
341 1622 494 1668 111151111111111,
509 1623 598 1673 quoniam
612 1623 631 1660 in
646 1637 689 1661 meo
703 1624 778 1662 inimico

134 1678 235 1716 crudelitat
208 1684 268 1716 tatem
277 1676 412 1727 exprompsisti
421 1682 481 1721 tuam,
491 1677 570 1715 laudare
580 1690 618 1714 non
628 1690 712 1728 possum,
723 1678 738 1715 ir
739 1677 778 1715 1511

98 1735 184 1769 3011111
203 1744 241 1769 non
260 1731 327 1769 debeo.
366 1734 396 1767 34.
422 1728 569 1781 [Demonstravit
586 1731 664 1779 judices,
685 1737 778 1781 quantam

136 1785 198 1823 Clodii
205 1784 261 1837 inter]
269 1784 326 1822 fuerit
336 1784 396 1822 occidi
404 1784 500 1823 Milonem.
525 1784 635 1822 Convertite
645 1785 717 1823 animos
727 1798 777 1824 nuno

132 1839 213 1877 1111551111
223 1839 248 1877 ad
263 1838 297 1876 Mil
298 1851 358 1875 onem
389 1838 439 1883 Quid
452 1838 565 1876 hlilonis't
537 1842 565 1875 int
566 1844 628 1876 exerat
642 1839 721 1877 interfici
733 1839 776 1877 Olo-

132 1893 200 1930 diurn?
236 1893 287 1938 Quid
304 1897 350 1935 erat,
365 1904 399 1928 eur
416 1891 467 1936 Milo,
477 1904 516 1929 non
531 1891 593 1929 dicam
608 1892 677 1930 admit
670 1898 724 1937 eret
742 1893 776 1930 sed

132 1951 209 1997 optaret
214 1944 366 1983 ⁹-Obstabat
362 1957 380 1981 rn
393 1958 428 1995 spe
438 1922 548 1983 ooirsulatus
558 1945 623 1982 Miloni
634 1946 718 1984 Clodius
720 1947 776 1984 —At

97 2003 122 2037 35
133 2012 156 2037 eo
169 2005 290 2051 repugnante
304 1998 374 2041 fiebat;
388 1998 446 2035 immo
456 2011 501 2036 vero
514 2011 537 2035 eo
550 1998 608 2036 fiebat
622 1999 688 2050 magis,
699 2012 734 2037 nec
746 2013 776 2038 me

132 2053 260 2104 suffragatore
269 2051 346 2089 meliore
356 2052 446 2089 utebatur·
456 2064 513 2102 quam
524 2051 596 2089 Clodio.
625 2052 709 2091 Valebat
723 2053 776 2104 apud

132 2120 172 2151 vos,
185 2106 266 2157 judices,
281 2104 356 2142 Mrlonrs
367 2117 413 2155 errra
424 2117 454 2142 me
464 2117 543 2154 remque
553 2105 650 2155 publicam
665 2107 775 2144 111111·11111111

131 2160 234 2204 memoria;
250 2158 339 2196 1111111111
353 2170 420 2218 preces
430 2163 450 2195 et
463 2158 547 2196 lacrimae
561 2164 639 2204 nostrae,
656 2160 724 2210 quibus
739 2172 776 2212 ego

131 2218 173 2251 tum
183 2227 217 2251 ios
227 2213 304 2250 mirifice
314 2211 386 2248 moseri
400 2211 515 2255 sentiebam;
530 2211 564 2248 sed
574 2212 618 2273 plus
628 2214 677 2251 mult
670 2219 711 2251 to
699 2214 776 2251 ralebat

95 2268 122 2303 40
131 2267 259 2318 periculorum
273 2264 390 2316 impendent
385 2278 425 2301 rum
435 2265 496 2302 timor
526 2264 572 2309 Quis
586 2266 635 2303 enim
648 2272 689 2303 erat
699 2267 774 2310 civium,

131 2321 163 2371 qui
183 2319 218 2359 sibi
237 2318 356 2358 soluamP
368 2317 430 2356 Clodii
444 2323 549 2369 praeturam
561 2319 601 2357 sine
614 2320 697 2358 maximo
711 2333 775 2358 rerum

130 2386 222 2410 novarum
231 2379 285 2410 metu
298 2371 428 2422 proponeret?
450 2371 538 2409 Solutum
548 2377 613 2409 autem
626 2373 666 2410 fore
674 2373 773 2416 rudebars

130 2426 166 2465 nisi
176 2432 226 2464 esset
234 2426 250 2463 15
261 2425 332 2468 consul,
341 2425 373 2476 qui
381 2437 424 2462 eam
434 2425 515 2462 auderet
524 2431 627 2477 possetque
638 2427 773 2479 constringere.

130 2481 182 2519 Eum
191 2481 282 2518 Milonem
291 2493 352 2517 unum
361 2492 403 2517 esse
415 2492 475 2530 quum
484 2479 563 2518 sentiret
579 2480 677 2519 universus
691 2480 776 2532 populus
