1738 2673
75 45 115 80 204
384 56 452 82 noras.

74 114 106 138 nave

73 152 102 200 35
108 143 237 186 promulgasset,
248 143 270 176 Ut
279 145 346 176 exsules
354 150 476 183 revocarentur,
484 150 500 177 et
508 146 546 177 noui
555 146 599 177 cives
608 144 714 188 libertinique
723 144 757 176 dis·

109 195 223 230 tribuerentur
230 199 247 229 in
257 197 316 236 tribus,
325 204 340 230 et
354 198 375 230 Ut
386 198 405 230 G.
414 199 481 230 diarius
489 198 571 231 afluersns
579 198 696 230 Mithridatem
704 197 757 230 Ponti

108 260 163 292 regern
173 250 208 282 (ίαν
216 257 307 289 crearetur,
316 257 332 283 et
345 252 474 284 orlaersuolilnas
486 251 582 283 consulibus
592 252 612 291 Q.
620 252 699 295 Parnpeiu
708 256 724 282 at
737 250 757 283 L.

108 303 162 335 Sulla
171 306 204 336 viru
213 305 305 342 intulisset,
313 306 365 336 occiso
376 305 397 343 Q⁴
403 305 482 346 Pompeio
489 305 563 336 consulis
566 305 612 345 filio,
619 316 681 347 genero
690 304 744 336 State
749 315 756 341 ;

107 356 127 389 L.
137 357 187 389 Sulla
196 358 253 389 consul
266 369 303 389 curn
312 360 387 389 exercitu
397 360 413 389 in
423 357 479 389 urlrern
488 360 539 394 uenit,
549 364 564 389 et
573 358 655 390 aduersus
662 358 756 399 factionem

107 410 182 452 Sulpicii
193 415 210 442 et
222 410 275 443 Marii
287 412 304 442 in
317 413 354 453 ipsa
367 410 406 443 urbe
420 412 510 453 pregneoit,
520 421 588 453 eanrque
600 412 677 454 ecpeelit:
690 422 711 442 en
723 422 755 453 qaia

107 463 193 495 duodecim
201 475 211 495 α
220 469 279 495 senatu
289 464 349 501 lastes,
359 465 403 496 inter
412 475 452 507 qnos
465 465 484 496 Ο.
493 463 559 496 Μανίας
565 469 615 507 pater
623 469 640 496 et
648 464 698 505 filius
706 465 755 506 jndi-

106 518 140 548 eati
146 522 191 549 sunt.
213 517 236 549 P.
246 517 340 560 Sulpicius,
349 529 399 559 qrtriru
409 520 426 550 in
435 507 510 559 qrradani
517 518 559 549 nilla
567 519 632 556 lateret,
641 519 703 549 indicio
711 519 756 549 serui

105 571 133 602 sui
141 576 225 603 retractus
233 576 248 602 et
257 572 322 603 occisus
330 576 359 602 est.
384 570 454 608 Seruus,
464 577 481 603 ut
493 573 581 613 preminur
591 573 693 614 prontissuni
702 571 756 603 indici

105 623 178 661 liaberet,
186 626 306 662 manumissus,
315 630 332 656 et
346 624 364 656 alr
373 625 428 657 scelus
439 625 505 667 proditi
519 625 582 657 dorrtini
594 625 614 656 de
626 636 667 657 suco
680 624 755 666 dejectus

105 681 134 709 eu.
160 677 178 709 C.
187 676 254 709 illarius
261 678 313 719 ¹tilius
321 680 338 710 in
347 678 425 719 Africani
438 679 510 719 traiecit.
535 678 554 709 C.
563 678 630 710 Μανίας
640 684 695 720 pater,
704 688 755 720 quum

104 732 122 762 in
132 730 226 773 paludibus
238 730 381 763 Minturnensium
390 732 455 768 loterel,
464 737 551 763 extinctus
560 737 584 763 est
598 731 618 762 ab
626 731 726 774 oppidanis:
738 735 754 761 et

104 794 156 826 qnurn
164 785 226 816 rnissus
234 784 257 814 ad
268 784 377 815 acciderulunt
389 795 425 815 eum
434 795 499 819 servus,
512 786 578 817 natione
592 785 658 822 Gallus,
666 785 754 825 majestate

105 839 150 869 tanti
158 839 191 869 viri
197 839 299 879 perterritus
306 839 408 874 recessisset,
418 839 506 879 irrrpositns
517 837 583 880 prillice
592 839 609 869 iu
618 839 675 869 navim
687 837 755 869 delatus

104 893 154 923 estin
164 891 246 932 Africam.
270 890 291 922 L.
301 890 351 922 Sulla
360 892 436 922 civitatis
450 896 514 923 statnrn
526 891 624 923 ordinarit:
636 892 697 923 exinde
712 892 737 922 col
747 909 754 915 -

103 947 142 977 nias
150 944 226 976 deducit.
251 944 272 983 Q.
280 943 372 986 Pompeius
381 944 445 981 consul,
454 944 477 975 ael
489 945 606 987 accipiendum
616 956 626 975 α
636 944 667 975 Gn.
675 944 754 986 Pompeio

102 998 200 1041 proconsule
209 1000 301 1029 exercitant
311 997 405 1039 profectus,
414 998 482 1029 consilio
491 999 528 1039 ejus
536 1000 601 1029 accisus
609 1003 638 1029 est.
662 997 754 1028 Mithrida-

104 1056 135 1089 tes,
147 1051 200 1083 Ponti
207 1062 243 1088 rec,
252 1050 335 1093 Battyna
343 1056 359 1082 et
372 1043 481 1093 Cdppadaeia
493 1053 585 1094 occupatis,
597 1056 612 1082 et
624 1051 673 1093 pulso
685 1050 754 1092 Aquilio

103 1105 165 1148 legato,
174 1104 276 1147 Phrygiam,
284 1105 387 1146 pronuncient
399 1105 458 1146 populi
467 1104 546 1141 Rotnani,
555 1115 592 1135 curn
604 1105 672 1146 ingenti
679 1106 754 1136 exercitu

103 1160 179 1190 intrauit.
203 1158 238 1190 Liv.
247 1157 296 1200 Epir.
305 1159 331 1189 rt.
354 1158 386 1189 See
395 1157 475 1195 Schrnitz,
484 1157 542 1194 Rome,
550 1168 565 1198 p.
574 1158 612 1194 357,
620 1158 652 1188 soll.

127 1212 164 1242 26.
177 1211 208 1241 Ex
220 1211 267 1241 urbe
278 1211 341 1247 ejecit.
366 1209 436 1253 Madvig
443 1210 519 1242 brackets
529 1211 574 1242 these
584 1210 754 1241 words.—Custoderrt

103 1264 155 1306 liujus
164 1263 214 1295 ardis.
238 1262 265 1294 On
274 1267 346 1294 account
354 1264 372 1294 os
381 1263 410 1294 the
418 1264 472 1294 deleat
482 1264 513 1294 und
522 1264 620 1295 destruction
629 1264 646 1294 os
656 1264 684 1295 the
693 1263 753 1295 Cimbri

102 1317 135 1349 and
144 1317 219 1348 Teutoni.
243 1317 289 1347 CM
299 1316 338 1347 Car.
347 1317 355 1355 0
363 1316 383 1346 Q]
392 1327 396 1355 3
409 1316 488 1352 Sclnndz,
497 1315 555 1352 struite,
564 1327 589 1356 pp.
598 1316 668 1347 :tt-nat).

126 1371 163 1401 28,
176 1371 211 1399 Cn.
220 1369 317 1406 octavius,
327 1369 398 1399 consul.
417 1369 440 1410 [a.
449 1380 464 1401 n.
474 1380 488 1400 c.
497 1369 540 1409 titt]
564 1368 584 1400 L.
595 1368 683 1400 Cornelius
692 1369 753 1407 Cinna,

102 1434 153 1465 quum
159 1424 263 1465 perniciosas
270 1423 316 1463 leges
322 1432 352 1464 per
362 1423 395 1452 uirn
403 1427 452 1463 utque
462 1433 508 1453 arina
513 1421 575 1462 ferret,
584 1423 646 1464 pzelsus
656 1422 695 1454 urbe
704 1434 713 1453 α
722 1423 753 1454 On.

103 1476 174 1508 Octavio
187 1476 257 1516 collega,
270 1485 306 1506 curn
319 1486 350 1506 sec
362 1474 435 1506 tribunis
445 1475 500 1516 plebis
506 1487 512 1505 :
525 1477 624 1516 irnperieuue
637 1476 653 1506 ei
667 1476 752 1517 abrogata,

102 1535 198 1571 corruptum
211 1528 244 1571 ΑΡ.
254 1528 324 1560 Claudii
340 1529 432 1559 exercituin
447 1529 463 1560 in
476 1533 576 1570 potestatem
590 1539 638 1559 ςαααι
651 1529 723 1570 redegit,
736 1534 752 1561 et

102 1582 163 1615 bellurn
171 1581 208 1614 urbi
217 1582 281 1620 intulit,
291 1583 370 1615 arcessito
381 1581 400 1612 0.
406 1581 461 1612 Murio
468 1593 488 1613 eu
496 1581 556 1622 Africa
564 1592 601 1612 cuno
608 1582 648 1613 aliis
654 1582 752 1614 exsulibus:

101 1638 118 1668 in
127 1647 158 1678 qno
167 1635 208 1667 bello
217 1635 249 1666 duo
260 1635 333 1676 fratres,
342 1635 415 1666 atterere
423 1634 500 1677 Pompeii
509 1636 589 1672 exercitu,
600 1636 671 1667 ulterec
686 1635 751 1673 Ginnre,

101 1690 199 1731 ignorantes
208 1693 341 1720 concurrerunt:
353 1692 375 1725 et,
384 1697 433 1728 ortum
447 1689 499 1718 uictor
511 1687 590 1729 spolnnet
602 1689 680 1725 occisura,
693 1690 751 1730 agnito

103 1743 168 1784 fratre,
177 1743 244 1784 ingenti
256 1742 373 1773 lamentatione
382 1740 433 1778 celita,
442 1752 482 1782 roga
491 1743 506 1771 ei
518 1745 609 1777 exstructo,
619 1743 653 1783 ipse
666 1752 717 1783 supra
725 1752 750 1772 να-

100 1807 143 1839 gum
151 1807 168 1827 se
178 1794 276 1836 transfodit,
283 1799 299 1825 et
308 1793 363 1825 eodern
373 1795 411 1836 igni
419 1798 527 1835 consternatus
535 1798 564 1823 est.
588 1792 612 1824 Et
621 1804 672 1835 quirin
680 1795 751 1836 opprimi

100 1851 145 1881 inter
157 1850 207 1880 initia
217 1851 319 1891 potuissent,
333 1847 364 1878 Gn.
372 1846 450 1889 Pompeii
459 1846 530 1887 fratrae,
539 1849 573 1888 qui,
587 1852 674 1888 utrumqne
685 1853 749 1889 partein

103 1901 183 1943 fouendo,
192 1903 236 1932 vires
252 1900 309 1932 Cinnae
323 1899 375 1937 dedit,
385 1911 414 1930 nee
428 1901 462 1931 nisi
474 1900 572 1941 profligatis
584 1901 690 1941 eptinnrtiunc
701 1900 751 1931 rebus

101 1955 185 1986 auxilium
194 1955 240 1991 tnta,
246 1958 262 1984 et
270 1954 344 1985 consulis
352 1954 425 1995 segnitie
434 1953 529 1993 confirmati
539 1952 594 1984 Cinna
601 1957 617 1984 et
626 1952 693 1984 Μανίας
700 1959 749 1995 quat-

101 2013 139 2040 tuor
154 2006 262 2044 exercitibus,
271 2017 291 2037 ere
305 2005 366 2047 quibus
378 2005 410 2037 cluo
424 2006 444 2045 Q*
453 2005 528 2037 Sertorio
541 2011 557 2036 et
571 2006 644 2037 certant
656 2006 692 2038 dati
704 2011 749 2044 sunt,

100 2060 157 2093 artem
171 2059 319 2092 circumsederunt.
351 2058 417 2089 Ostiam
433 2059 513 2090 colonium
527 2058 594 2090 Μανίας
608 2061 718 2102 eepttgnavtn
733 2064 749 2091 el

101 2113 193 2146 crudeliter
201 2112 277 2154 diripuit.
301 2111 336 2143 Liv.
345 2111 392 2153 Epir.
402 2112 427 2143 79.
451 2111 529 2149 Senmnz,
538 2112 595 2149 Rome,
605 2123 618 2153 p.
627 2113 665 2150 ³60,
673 2114 705 2144 soll.

124 2167 160 2198 29.
174 2167 240 2196 Omnis
250 2165 282 2196 hic
294 2165 352 2195 locus.
376 2163 414 2196 The
427 2166 585 2202 fornn1,n·l1ercthc
597 2165 662 2197 conflict
675 2167 749 2198 bctsneen

100 2220 181 2252 Octavius
190 2220 222 2250 and
231 2218 285 2250 Cinna
293 2218 326 2249 had
338 2217 388 2249 taken
396 2218 447 2258 place.
470 2217 504 2249 Hie
516 2218 594 2251 δεικτικῶς.

123 2274 161 2303 30.
175 2273 235 2303 Cinna
247 2280 289 2302 cnm
302 2271 370 2301 utaris.
395 2271 464 2302 Italicis
474 2272 541 2313 populis
550 2283 559 2303 α
568 2277 628 2303 senatu
638 2273 699 2302 civitas
708 2272 748 2303 dato

100 2331 130 2357 est.
154 2325 246 2362 Sanmites,
259 2326 287 2366 qui
299 2325 331 2356 soli
343 2334 390 2355 arina
403 2323 503 2360 retinebant,
513 2324 572 2356 cinae
581 2329 595 2356 et
610 2324 665 2356 Μανία
679 2336 697 2356 se
711 2336 748 2356 eon·

101 2380 201 2421 junxerunt.
224 2377 250 2409 Ab
259 2379 281 2409 iis
289 2377 370 2409 Plautius
379 2387 416 2408 curn
424 2379 498 2408 ezer-etur
508 2382 598 2409 eccusest.
622 2377 677 2409 Cinna
686 2382 701 2408 et
711 2377 748 2409 Μα-

99 2433 136 2464 νίας
144 2442 181 2462 eune
191 2430 265 2462 Curione
274 2436 289 2462 et
302 2430 376 2462 Sertorio
385 2430 483 2462 Junicularn
496 2436 623 2473 oceupunerunt,
632 2435 648 2462 et
657 2430 719 2472 fugati
727 2428 748 2461 ult

101 2485 170 2518 Octavio
179 2485 246 2516 consule
254 2489 362 2516 recesserunt.
385 2483 452 2516 Marius
461 2483 537 2522 Antium,
546 2489 562 2515 et
570 2485 652 2521 Arieiunt,
661 2489 677 2515 et
690 2482 748 2514 Lunu-
