1738 2673
214 57 254 83 Plio
264 57 284 83 M.
295 57 407 88 MARCELLO,
418 57 462 82 ΟΑΡ.
473 56 508 82 VII.

37 145 121 184 eandam
134 144 221 182 futuram
234 145 293 182 fuisse
303 145 407 182 victoriam,
438 149 468 182 18.
485 144 567 188 Quidam
584 143 633 182 enim
647 155 685 180 non

37 200 95 237 modo
110 199 193 242 armatis,
204 198 238 236 sed
252 197 348 235 interdum
364 199 421 236 etiam
431 198 495 236 otiosis
512 198 638 242 mirmbantnr,
649 209 685 234 nec

37 253 83 303 quid
100 252 180 303 quisque
197 252 292 296 sensisset,
310 252 345 289 sed
362 252 394 289 nbi
411 252 483 295 luisset,
501 252 625 302 cogitandum
643 263 685 288 csse

37 306 136 344 dicebant:
152 311 174 343 ut
189 305 234 342 mihi
248 305 324 356 quidem
336 305 435 342 rideantur
450 305 475 342 dii
490 306 612 348 immortales,
627 305 685 343 etiam

37 360 53 397 si
63 372 130 411 pcenas
140 371 152 395 a
166 359 238 410 populo
253 359 340 396 ltomano
355 360 379 397 ob
390 358 467 410 aliquod
483 359 574 396 delictum
587 359 703 410 expetire-5

37 418 87 457 runt
98 412 131 464 qui
141 412 195 450 ciuile
210 412 281 450 bellum
292 417 367 450 tantum
378 418 397 450 et
413 419 452 449 tam
470 413 579 449 luctuosum
590 412 683 450 excitave-

37 471 88 510 runt,
103 466 134 504 vel
151 466 221 518 placati
236 466 316 517 jamuel
333 466 396 503 satiati
414 466 517 516 aliquando
534 479 610 503 omnem
629 477 684 516 spem

37 520 103 557 salutis
114 520 139 557 ad
149 520 269 557 clementiam
279 519 356 557 vict-oris
366 525 385 557 et
395 520 507 571 sapientiam
517 520 624 557 contulisse.

65 579 95 612 19,
111 574 175 619 erare
185 573 249 625 gaude
259 579 293 611 tuo
302 573 339 611 isto
349 578 389 610 tum
399 573 499 611 excellenti
510 573 570 611 bono:
591 578 610 611 et
620 574 683 610 fruere

36 641 96 678 quum
106 628 182 665 fortuna
192 632 212 664 et
227 627 288 678 gloria
304 632 346 664 tum
356 627 413 664 etiam
422 632 490 663 natura
500 633 520 663 et
534 628 618 665 moribus
634 627 682 664 tuis:
692 631 718 666 10

36 694 59 719 ex
69 694 108 732 quo
118 680 195 732 quidem
205 680 299 718 maximus
310 686 339 718 est
350 680 425 717 fructus
438 680 586 731 jucunditasque
596 681 682 732 sapienti.

37 735 107 773 Cetera
117 748 176 785 quum
192 739 226 771 tna
236 735 368 778 recordabere
379 734 415 771 ctsi
431 746 518 784 persaepe
532 734 603 778 virtuti,
618 741 684 771 tamen

36 789 149 840 plerumque
163 788 249 825 felicitati
263 794 302 826 tuae
318 788 451 839 gratnlabere:
467 788 491 824 de
505 787 565 830 nobis,
577 800 625 838 quos
634 787 653 824 in
663 800 683 824 re

35 842 113 892 publiea
128 847 193 879 tecum
207 842 264 880 simul
274 841 336 880 salvos
347 854 388 879 esse
398 841 479 885 voluisti,
491 841 565 891 quoties
583 840 682 892 cogitabis,

35 896 92 933 toties
106 896 131 933 de
145 895 232 932 maximis
246 896 284 933 tuis
298 895 400 938 beneficiis,
410 895 467 932 toties
478 895 502 932 de
516 895 620 932 incredibili
636 895 717 933 libe-15

34 950 115 994 raritate,
133 949 189 986 toties
206 949 231 986 de
247 948 338 1001 singulari
355 948 448 999 sapientia
464 953 497 985 tua
514 947 617 999 cogitabis:
639 960 683 998 quae

34 1015 72 1040 non
82 1003 140 1040 modo
150 1015 226 1040 summa
236 1003 292 1047 bona,
300 1002 334 1040 sed
344 1002 432 1040 nimirum
440 1002 515 1039 audebo
522 1002 552 1038 rel
562 1002 602 1039 sola
612 1003 681 1040 dicere.

35 1057 107 1093 Tantus
117 1061 147 1093 est
162 1056 211 1094 enirn
225 1056 316 1107 splendor
329 1057 349 1093 in
362 1055 420 1093 laude
430 1068 481 1099 vera,
492 1060 546 1092 tanta
558 1055 578 1092 iu
587 1055 682 1107 magnitu-

35 1109 78 1147 dine
96 1109 153 1146 animi
169 1114 189 1147 et
206 1109 278 1148 consilii
294 1109 383 1162 dignitas,
397 1114 419 1147 ut
435 1109 477 1146 lraec
492 1120 504 1145 a
518 1109 588 1146 virtute
605 1108 682 1152 donata,

35 1169 98 1201 cetera
117 1176 128 1200 a
147 1163 225 1201 fortuna
243 1163 366 1202 commodata
385 1176 427 1201 esse
442 1162 549 1200 videantur.
586 1166 617 1200 20.
638 1162 683 1200 Noli
691 1167 717 1202 20

34 1217 93 1268 igitur
102 1216 121 1254 in
131 1216 265 1255 conservandis
279 1218 334 1255 bonis
343 1216 388 1254 viris
405 1216 513 1267 defatigari,
523 1229 561 1253 non
577 1216 683 1267 cupiditate

35 1270 144 1321 praesertim
160 1269 224 1320 aliqua
238 1274 272 1308 aut
288 1270 383 1321 pravitate
398 1270 462 1321 lapsis,
477 1269 512 1306 scd
526 1269 613 1320 opinione
628 1269 683 1306 officii

35 1324 94 1361 stulta
110 1325 197 1368 fortasse,
213 1329 265 1363 certe
279 1337 317 1362 non
333 1324 426 1375 improba,
441 1327 461 1361 et
475 1323 538 1374 specie
555 1323 639 1375 quadam
655 1323 683 1361 rei

35 1376 129 1426 publicae;
143 1389 182 1415 non
197 1377 247 1414 enim
261 1382 295 1415 tua
305 1377 344 1414 nlla
358 1377 416 1428 culpa
431 1382 466 1422 est,
477 1378 492 1414 si
507 1383 526 1415 te
541 1377 599 1428 aliqui
614 1378 682 1416 timue·

34 1435 84 1474 runt,
96 1434 200 1482 contraque
210 1443 286 1468 summa
295 1430 343 1476 laus,
355 1431 407 1482 quod
417 1431 494 1469 minime
504 1431 611 1469 timendum
621 1431 680 1469 luisse
691 1435 716 1470 25

34 1490 139 1522 senserunt.

63 1536 109 1574 VH.
140 1540 170 1573 21.
185 1536 242 1574 Nunc
252 1537 308 1575 renio
318 1536 343 1573 ad
354 1536 486 1588 grauissimam
496 1537 593 1586 querelam
603 1542 623 1575 et
633 1542 683 1576 atro-

36 1588 131 1626 cissimam
141 1590 268 1641 suspicionem
277 1595 331 1627 tuam
337 1603 342 1634 ;
357 1603 401 1640 quae
412 1603 449 1627 non
459 1590 494 1627 tibi
507 1590 544 1641 ipsi
553 1591 614 1641 magis
625 1604 683 1642 quam

36 1655 95 1692 quum
105 1642 193 1680 omnibus
204 1644 275 1681 civibus
285 1648 327 1680 tum
341 1643 424 1680 maxime
433 1644 494 1687 nobis,
505 1644 537 1693 qui
552 1656 563 1680 a
577 1651 596 1681 te
607 1657 682 1682 conser-

35 1696 75 1733 vati
84 1708 155 1739 sumus,
167 1696 287 1747 providenda
297 1701 336 1733 est:
351 1708 409 1746 qnam
424 1696 459 1733 etsi
476 1708 532 1747 spero
549 1697 617 1734 falsam
634 1710 681 1741 esse,
690 1703 717 1737 30

35 1753 100 1786 tamen
109 1762 207 1800 nunqnam
217 1749 325 1787 extenuabo
335 1750 404 1788 verbis.
432 1749 474 1787 Tua
484 1750 534 1787 enim
544 1750 607 1788 cautio
616 1756 683 1789 nostra

35 1803 98 1839 cantio
113 1807 148 1846 est,
159 1808 181 1840 ut
196 1804 212 1841 si
224 1804 243 1840 in
257 1804 350 1841 alterutro
367 1803 487 1855 peccandum
501 1804 531 1848 sit,
542 1805 607 1841 malim
622 1805 683 1843 videri

35 1855 89 1893 nimis
99 1855 183 1901 timidus,
194 1869 252 1906 quam
262 1869 330 1908 parum
340 1857 431 1907 prudens.
461 1857 500 1895 Sed
510 1858 598 1908 quisnam
608 1863 637 1896 est
646 1859 683 1896 iste

35 1915 75 1946 tam
83 1909 177 1947 demens?
192 1910 223 1948 De
230 1910 292 1948 tuisne
298 1910 413 1948 t-tametsi
420 1910 452 1962 qni
460 1911 521 1962 magis
530 1917 574 1949 sunt
582 1911 615 1955 tui,
624 1925 683 1963 qnam

36 1963 105 2012 quibus
124 1968 147 2000 tu
165 1964 248 2001 salutem
266 1964 407 2014 insperantibus
426 1965 542 2003 reddidisti?
564 1979 589 2002 an
606 1978 629 2003 er
646 1967 683 2014 hoc
692 1973 717 2006 35

35 2028 120 2061 numero,
129 2017 162 2068 qui
170 2030 209 2055 una
223 2022 288 2056 tecum
297 2018 390 2056 luerunt?
418 2018 463 2056 Non
473 2023 502 2056 est
513 2019 606 2057 credibilis
616 2024 683 2057 tantus

35 2068 54 2106 in
63 2069 102 2108 nllo
112 2071 170 2117 furor,
181 2076 203 2109 ut
217 2085 256 2124 quo
266 2072 316 2111 duce
326 2073 388 2111 omnia
398 2085 473 2111 summa
488 2073 512 2111 sit
525 2073 614 2125 adeptus,
624 2074 683 2125 hujus

36 2123 95 2160 sitam
104 2137 142 2162 non
152 2131 256 2177 anteponat
266 2139 311 2165 suae.
340 2127 373 2164 An
383 2127 398 2164 si
407 2127 454 2165 nihil
466 2128 495 2165 tui
505 2128 590 2179 cogitant
600 2128 682 2172 sceleris,

36 2177 143 2216 cavendum
160 2184 190 2217 est
205 2193 230 2218 ne
247 2180 292 2232 qnid
308 2180 395 2219 inimici?
425 2180 477 2226 Quia
498 2193 563 2218 omnes
580 2181 635 2225 enim,
651 2182 684 2231 qni

35 2229 118 2277 luerunt,
132 2238 166 2270 aut
175 2246 210 2271 sua
220 2234 324 2286 pertinacia
334 2235 393 2272 uitam
406 2235 510 2272 amiserunt
520 2239 554 2272 aut
568 2240 602 2272 tna
611 2235 682 2272 miseri·
690 2239 717 2275 40

36 2284 100 2321 cordia
109 2286 234 2333 retinuerunt,
246 2293 268 2326 ut
277 2294 312 2326 aut
320 2289 367 2327 nulli
377 2289 474 2339 supersint
484 2289 508 2325 de
517 2288 596 2326 inimicis
607 2294 641 2326 aut
650 2289 684 2339 qui

35 2338 171 2388 superfuerunt
190 2340 227 2379 sint
246 2342 360 2380 amicissimi.
397 2347 428 2380 22,
450 2342 489 2379 Sed
505 2347 570 2379 tamen
587 2355 647 2393 quum
663 2342 683 2380 in

35 2391 101 2429 animis
111 2393 209 2432 hominum
218 2396 365 2435 tautaelatebrae
375 2397 412 2434 sint
422 2401 441 2434 et
451 2396 499 2434 tanti
509 2409 600 2440 recessus,
612 2409 683 2448 augea·

34 2455 78 2483 mus
92 2459 137 2486 sane
151 2448 281 2500 suspicionem
294 2454 360 2489 tuam:
375 2451 432 2489 simul
448 2450 499 2488 enim
513 2451 627 2502 augebimus
642 2450 683 2490 dili·
