1738 2673
110 60 149 96 118
430 70 501 98 onnrro

142 171 204 209 nuper
218 158 302 210 quidem,
315 164 337 197 nt
347 158 403 204 scitis,
414 173 445 198 rne
455 159 479 197 ad
489 160 562 212 regiam
572 174 628 212 paene
638 160 724 199 confecit.
753 166 784 200 38.

142 212 192 257 Quid
207 214 267 250 sinrilc
282 213 370 250 Milonis?
386 214 478 264 cujusvis
493 214 552 251 orrrrris
567 215 610 252 lraec
620 227 696 265 semper
710 214 785 258 fuitne

141 265 163 304 P.
176 266 260 311 Clodius,
272 280 331 317 qrrnrn
348 269 366 304 in
382 268 475 318 judicium
492 267 566 304 detrahi
583 280 620 306 non
635 273 706 318 posset,
718 267 735 305 ui
750 282 784 319 op-

141 333 228 370 pressum
243 320 338 358 civitatem
354 326 431 358 teneret.
461 320 523 364 Quem
539 320 555 356 si
569 321 673 358 interficere
688 322 784 366 voluisset,

119 382 130 414 5
141 381 223 424 qunntm,
239 374 313 425 quoties
323 374 436 416 occasiones,
451 386 508 423 quum
518 374 614 423 prteclarae
627 374 719 412 suerunt?
747 376 784 413 Po·

140 428 207 471 tuitne,
218 440 277 478 qnnm
286 427 364 464 domum
373 440 395 464 ac
405 427 451 464 deos
462 433 540 476 penates
550 439 601 471 suos,
611 428 642 465 ille
653 436 783 480 oppugnante,

140 480 257 524 defenderet,
271 481 314 530 jure
330 493 351 517 se
365 480 445 517 ulcisci?
461 480 554 530 potuitne,
569 480 605 518 oiri
617 482 695 532 egregio
709 491 729 519 et
743 482 783 520 uiro

139 534 247 578 fortissimo,
262 533 284 571 P.
296 533 364 578 Sestio,
382 533 456 585 collega
470 547 510 578 suo,
526 534 640 572 uulnerato?
656 535 748 585 potuitne,
760 536 782 581 Q.

139 587 231 631 Fabricio,
243 588 283 624 uiro
298 588 376 637 optimo,
392 600 451 637 quum
466 586 490 624 de
504 587 567 625 reditu
581 600 624 625 meo
638 588 701 638 legem
718 588 781 633 ferret,

104 647 128 680 10
138 640 200 690 pulso,
209 640 339 678 crudelissima
348 641 367 677 in
377 640 418 678 foro
426 640 480 678 crede
490 640 556 678 factat
571 641 664 692 potuitne,
675 641 696 679 L.
706 642 780 686 centii,

136 694 235 744 justissimi
242 694 377 745 fortissimique
386 694 477 744 praetoriS,
485 701 597 745 oppugnata
607 694 665 732 domo
671 695 680 732 ‘l
695 695 782 747 potuitne

137 747 169 785 illo
180 748 215 792 die,
231 761 291 799 quum
301 753 330 785 est
340 748 378 785 lata
388 748 419 785 lex
429 747 453 784 de
463 749 509 785 mel
524 761 583 799 quum
593 749 652 786 totins
665 748 727 786 Italire
737 763 780 787 eon-

137 814 210 845 eursns,
218 814 275 852 quom
285 814 328 838 mea
337 801 388 838 salus
399 800 508 845 concitarat,
519 801 564 838 facti
574 801 623 838 illins
630 801 710 852 gloriam
720 802 780 840 libens

137 856 252 906 agnovisset,
267 860 294 898 ut,
305 855 379 891 etiamsi
392 855 412 892 id
425 854 471 891 Milo
482 854 564 899 fecisset,
575 862 645 893 cuncta
659 855 724 893 ciuitas
739 869 781 894 eam

102 915 126 950 15
136 907 214 945 laudern
224 922 259 960 pro
269 920 304 944 sua
314 907 434 945 vindicaret?

163 961 206 999 XV.
236 967 267 1000 39.
284 961 314 998 nt
328 961 381 1012 quod
396 966 436 999 erat
450 961 535 1012 tempus!
572 961 691 1000 Clarissimus
706 968 725 1001 et
741 963 779 1001 for-

135 1015 220 1053 tissimus
230 1015 302 1059 consul,
312 1014 397 1052 inimicus
413 1014 485 1059 Clodio
496 1015 518 1053 P.
529 1014 627 1060 Lentulus,
643 1016 694 1053 ultor
704 1017 779 1054 sceleris

136 1069 191 1113 illius,
206 1075 338 1121 propugnator
350 1073 433 1113 senatus,
447 1067 535 1106 defensor
544 1077 613 1106 restrae
623 1070 730 1114 uoluntatis,
746 1084 778 1121 pn-

135 1128 202 1161 tronus
217 1122 289 1174 publici
306 1134 413 1166 consensus,
430 1122 528 1160 restitutor
545 1122 610 1160 salutis
625 1135 685 1167 nreae3
704 1134 778 1174 septem

100 1183 126 1217 20
136 1181 234 1228 praetores,
251 1183 295 1214 octo
312 1175 382 1214 tribuni
397 1175 463 1226 plebis
480 1175 529 1214 illius
543 1176 651 1220 aduersarii,
670 1177 778 1215 defensores

135 1229 174 1268 mei
180 1243 185 1274 ;
200 1230 234 1268 On.
244 1230 349 1281 Pompeius
359 1236 425 1266 auctor
435 1234 454 1267 et
464 1229 503 1266 dux
512 1229 550 1266 mei
559 1229 637 1274 reditas,
648 1230 697 1268 illius
711 1231 776 1275 hostis,

136 1285 191 1335 eujus
201 1283 314 1321 sententium
324 1288 401 1321 senatus
411 1283 471 1320 omnis
485 1283 509 1320 de
519 1283 581 1320 salute
590 1297 633 1321 men
647 1284 777 1335 grauissimam

136 1342 155 1375 et
172 1338 310 1375 ornatissimam
326 1342 403 1374 secutus
420 1342 454 1380 est,
471 1336 503 1387 qui
517 1336 611 1387 populum
626 1337 733 1375 Romanum
748 1344 777 1375 est

136 1392 252 1435 cohortatus,
264 1391 301 1440 qni,
312 1403 371 1441 qrnrm
389 1390 488 1428 decretum
502 1390 526 1428 de
540 1403 571 1427 me
587 1390 659 1441 Capuae
675 1391 725 1435 fecit,
736 1391 776 1442 ipse

100 1451 125 1486 25
136 1449 209 1482 eunetae
228 1444 290 1482 Italiae
311 1443 394 1495 cupienti
413 1449 432 1481 et
449 1443 490 1494 ejus
505 1443 562 1481 fidem
579 1444 687 1495 imploranti
702 1445 777 1496 signum

135 1498 194 1542 dedit,
214 1503 237 1535 ut
255 1497 280 1535 ad
298 1510 329 1535 me
348 1496 486 1535 restituendum
505 1497 586 1535 Romam
604 1505 747 1542 concurrerent;
767 1497 776 1549 t

135 1551 197 1590 omnin
207 1556 248 1589 tum
258 1551 339 1603 denique
353 1550 372 1588 in
381 1551 434 1588 illum
444 1550 488 1587 odia
498 1551 565 1588 ciuium
575 1551 668 1590 ardebant
683 1551 776 1590 desiderio

134 1605 182 1650 mei;
197 1618 253 1656 quem
264 1605 296 1655 qui
312 1611 353 1642 tum
369 1604 500 1649 interemisset,
511 1617 549 1642 non
564 1604 588 1642 de
602 1604 714 1655 impunitate
729 1606 776 1656 ejus,

134 1659 169 1697 sed
182 1659 206 1697 de
220 1658 303 1709 praemiis
314 1658 434 1710 cogitaretur.
464 1662 495 1696 40.
510 1659 581 1695 Tamen
591 1671 611 1695 se
625 1658 671 1696 Milo
686 1658 777 1696 continuit

99 1720 124 1754 30
134 1718 154 1750 et
170 1712 192 1750 P.
209 1712 299 1750 Clodium
314 1712 332 1749 in
345 1711 438 1763 judicium
453 1711 487 1756 bis,
507 1711 532 1749 ad
542 1711 580 1749 uim
589 1718 686 1762 nunquam
696 1711 775 1749 uocauit.

134 1766 201 1812 Quid?
222 1766 296 1817 priuato
311 1765 382 1803 Milone
399 1771 418 1802 et
432 1777 464 1802 reo
481 1765 506 1803 ad
523 1765 622 1817 populum,
637 1770 739 1803 accusante
753 1765 775 1803 P.

135 1820 208 1864 Clodio,
219 1833 279 1870 quum
288 1819 307 1857 in
317 1820 352 1857 Cn.
363 1819 477 1869 Pompeium
487 1832 521 1869 pro
531 1819 601 1856 Milone
611 1819 706 1856 dicentem
717 1819 776 1869 impe-

133 1877 165 1911 tus
175 1873 237 1910 factus
248 1878 283 1917 est,
294 1886 336 1923 quee
351 1878 393 1909 tum
402 1885 440 1909 non
450 1873 508 1909 modo
518 1872 597 1917 occasio,
608 1871 642 1910 sed
652 1872 709 1909 etiam
719 1885 777 1909 cansa
812 1896 815 1902 «

133 1927 183 1964 fliius
200 1927 320 1977 opprimendi
336 1925 387 1963 fuit?
422 1925 491 1976 Nuper
504 1938 549 1962 uero
563 1938 623 1975 quum
639 1925 666 1962 M.
681 1926 776 1963 Antonius

99 1987 124 2022 35
134 1992 230 2017 summam
247 1992 301 2030 spem
318 1978 384 2016 salutis
400 1978 454 2015 bonis
471 1979 558 2016 omnibns
575 1979 675 2022 attulisset,
689 1979 776 2031 grauissi-

133 2046 224 2083 mamqne
234 2032 345 2070 adolescens
355 2031 481 2069 nobilissimus
491 2031 518 2068 rei
532 2032 614 2082 publieae
626 2037 699 2082 partem
714 2032 775 2070 fortis-

134 2087 181 2125 sime
191 2085 312 2137 suscepisset,
322 2091 380 2136 atque
389 2084 440 2121 illam
450 2084 540 2129 belluam,
553 2084 619 2136 judieii
631 2085 709 2135 laqueos
719 2085 776 2123 deeli-

133 2144 216 2183 nantem,
226 2140 267 2191 jnm
276 2139 367 2176 irretitam
377 2142 456 2181 teneret,
463 2137 496 2188 qui
504 2138 564 2182 locus
574 2139 626 2188 quod
635 2143 713 2190 tempus
722 2138 775 2184 illnd,

134 2194 160 2232 dii
176 2192 297 2236 immortales,
314 2192 365 2230 fnit?
395 2192 459 2236 Quum
475 2204 495 2228 se
511 2192 543 2229 ille
557 2191 633 2243 fugiens
648 2192 667 2229 in
683 2193 777 2230 scalarum

98 2253 124 2288 40
133 2247 222 2285 tenebras
239 2246 349 2290 abdidisset,
366 2257 459 2296 magnum
478 2244 543 2283 Miloni
561 2245 598 2282 fuit
614 2246 706 2284 conficere
725 2245 777 2283 illam

133 2306 208 2352 pestem
218 2300 270 2338 nulla
280 2312 315 2337 sna
324 2298 399 2342 invidia,
413 2298 493 2335 Antonii
501 2311 546 2336 vero
556 2299 638 2336 maxima
649 2299 715 2350 gloria.
744 2304 775 2337 41.

135 2354 201 2399 Qnid‘?
219 2353 299 2391 comitiis
315 2353 334 2390 in
351 2364 420 2402 campo
437 2352 510 2401 quoties
524 2357 610 2403 potestas
617 2353 659 2396 luit,
670 2365 729 2402 qunnr
745 2353 777 2390 ille

133 2407 153 2445 in
162 2413 225 2457 saepta
234 2406 339 2457 irrupisset,
354 2405 428 2456 gladios
438 2404 589 2456 destringendos,
596 2406 670 2457 lapides
678 2406 777 2457 jaciendos

134 2461 244 2505 curavisset,
255 2459 378 2503 consubito,
388 2459 444 2496 vultu
453 2457 528 2496 Milonis
538 2460 656 2509 perterritae,
666 2459 742 2510 fugeret
752 2458 778 2497 ad
