<?xml version="1.0" encoding="UTF-8"?>
<!DOCTYPE html PUBLIC "-//W3C//DTD XHTML 1.0 Transitional//EN"
    "http://www.w3.org/TR/xhtml1/DTD/xhtml1-transitional.dtd">
<html xmlns="http://www.w3.org/1999/xhtml" xml:lang="en" lang="en">
 <head>
  <title>
</title>
<meta http-equiv="Content-Type" content="text/html;charset=utf-8" />
  <meta name='ocr-system' content='tesseract 3.04.00' />
  <meta name='ocr-capabilities' content='ocr_page ocr_carea ocr_par ocr_line ocrx_word'/>
</head>
<body>
  <div class='ocr_page' id='page_1' title='image "MN40048ucmf_0_0119.png"; bbox 0 0 1738 2673; ppageno 0'>
   <div class='ocr_carea' id='block_1_1' title="bbox 203 71 731 113">
    <p class='ocr_par' dir='ltr' id='par_1_1' title="bbox 203 71 731 113">
     <span class='ocr_line' id='line_1_1' title="bbox 203 71 731 113; baseline 0.004 -9"><span class='ocrx_word' id='word_1_1' title='bbox 203 77 242 104; x_wconf 75' lang='lat' dir='ltr'>eso</span> <span class='ocrx_word' id='word_1_2' title='bbox 252 78 271 105; x_wconf 81' lang='grc'>1.</span> <span class='ocrx_word' id='word_1_3' title='bbox 281 78 357 106; x_wconf 79' lang='lat' dir='ltr'>monuo</span> <span class='ocrx_word' id='word_1_4' title='bbox 367 78 450 113; x_wconf 72' lang='grc'><strong>11161111,</strong></span> <span class='ocrx_word' id='word_1_5' title='bbox 461 79 505 106; x_wconf 76' lang='lat' dir='ltr'>oss.</span> <span class='ocrx_word' id='word_1_6' title='bbox 516 79 551 106; x_wconf 84' lang='lat' dir='ltr'>vu.</span> <span class='ocrx_word' id='word_1_7' title='bbox 694 71 731 106; x_wconf 87' lang='lat'>101</span> 
     </span>
    </p>
   </div>
   <div class='ocr_carea' id='block_1_2' title="bbox 48 165 731 2552">
    <p class='ocr_par' dir='ltr' id='par_1_2' title="bbox 51 165 731 1328">
     <span class='ocr_line' id='line_1_2' title="bbox 56 165 697 219; baseline 0 -14"><span class='ocrx_word' id='word_1_8' title='bbox 56 165 87 205; x_wconf 88' lang='lat' dir='ltr'>alii</span> <span class='ocrx_word' id='word_1_9' title='bbox 96 166 184 205; x_wconf 86' lang='lat' dir='ltr'>tribuunt</span> <span class='ocrx_word' id='word_1_10' title='bbox 192 167 311 218; x_wconf 87' lang='lat' dir='ltr'>tempestivis</span> <span class='ocrx_word' id='word_1_11' title='bbox 321 167 415 213; x_wconf 79' lang='lat' dir='ltr'>conviviis,</span> <span class='ocrx_word' id='word_1_12' title='bbox 423 170 517 219; x_wconf 86' lang='lat' dir='ltr'>quantum</span> <span class='ocrx_word' id='word_1_13' title='bbox 525 166 607 217; x_wconf 87' lang='lat' dir='ltr'>denique</span> <span class='ocrx_word' id='word_1_14' title='bbox 617 166 697 213; x_wconf 77' lang='lat' dir='ltr'>alveolo,</span> 
     </span>
     <span class='ocr_line' id='line_1_3' title="bbox 56 220 698 274; baseline 0.002 -16"><span class='ocrx_word' id='word_1_15' title='bbox 56 225 150 272; x_wconf 80' lang='lat' dir='ltr'>quantum</span> <span class='ocrx_word' id='word_1_16' title='bbox 160 220 210 273; x_wconf 64' lang='lat' dir='ltr'>pilae,</span> <span class='ocrx_word' id='word_1_17' title='bbox 217 226 293 258; x_wconf 89' lang='lat' dir='ltr'>tantum</span> <span class='ocrx_word' id='word_1_18' title='bbox 300 221 346 259; x_wconf 89' lang='lat' dir='ltr'>mihi</span> <span class='ocrx_word' id='word_1_19' title='bbox 356 227 433 274; x_wconf 76' lang='lat' dir='ltr'>egomet</span> <span class='ocrx_word' id='word_1_20' title='bbox 440 222 465 259; x_wconf 87' lang='lat' dir='ltr'>ad</span> <span class='ocrx_word' id='word_1_21' title='bbox 475 221 517 259; x_wconf 88' lang='lat' dir='ltr'>haec</span> <span class='ocrx_word' id='word_1_22' title='bbox 525 221 589 258; x_wconf 91' lang='lat' dir='ltr'>studia</span> <span class='ocrx_word' id='word_1_23' title='bbox 596 221 698 259; x_wconf 86' lang='lat' dir='ltr'>recolenda</span> 
     </span>
     <span class='ocr_line' id='line_1_4' title="bbox 55 274 696 327; baseline -0.002 -15"><span class='ocrx_word' id='word_1_24' title='bbox 55 275 172 324; x_wconf 78' lang='lat' dir='ltr'>sumpsero?</span> <span class='ocrx_word' id='word_1_25' title='bbox 200 274 267 326; x_wconf 84' lang='lat' dir='ltr'>Atque</span> <span class='ocrx_word' id='word_1_26' title='bbox 277 275 313 313; x_wconf 90' lang='lat' dir='ltr'>hoc</span> <span class='ocrx_word' id='word_1_27' title='bbox 323 275 371 313; x_wconf 89' lang='lat' dir='ltr'>adeo</span> <span class='ocrx_word' id='word_1_28' title='bbox 381 276 427 313; x_wconf 90' lang='lat' dir='ltr'>mihi</span> <span class='ocrx_word' id='word_1_29' title='bbox 437 275 582 313; x_wconf 88' lang='lat' dir='ltr'>concedendum</span> <span class='ocrx_word' id='word_1_30' title='bbox 590 279 620 312; x_wconf 88' lang='lat' dir='ltr'>est</span> <span class='ocrx_word' id='word_1_31' title='bbox 628 275 696 327; x_wconf 80' lang='lat' dir='ltr'>magis,</span> 
     </span>
     <span class='ocr_line' id='line_1_5' title="bbox 55 327 696 380; baseline 0 -15"><span class='ocrx_word' id='word_1_32' title='bbox 55 327 108 379; x_wconf 87' lang='lat' dir='ltr'>quod</span> <span class='ocrx_word' id='word_1_33' title='bbox 118 340 141 365; x_wconf 81' lang='lat' dir='ltr'>er</span> <span class='ocrx_word' id='word_1_34' title='bbox 155 328 185 366; x_wconf 90' lang='lat' dir='ltr'>his</span> <span class='ocrx_word' id='word_1_35' title='bbox 195 328 262 366; x_wconf 91' lang='lat' dir='ltr'>studiis</span> <span class='ocrx_word' id='word_1_36' title='bbox 272 329 315 367; x_wconf 77' lang='grc'><strong>11666</strong></span> <span class='ocrx_word' id='word_1_37' title='bbox 328 342 404 380; x_wconf 90' lang='lat' dir='ltr'>quoque</span> <span class='ocrx_word' id='word_1_38' title='bbox 414 329 482 367; x_wconf 87' lang='lat' dir='ltr'>crescit</span> <span class='ocrx_word' id='word_1_39' title='bbox 497 328 557 366; x_wconf 89' lang='lat' dir='ltr'>oratio</span> <span class='ocrx_word' id='word_1_40' title='bbox 570 332 590 365; x_wconf 88' lang='lat' dir='ltr'>et</span> <span class='ocrx_word' id='word_1_41' title='bbox 603 328 696 373; x_wconf 82' lang='lat' dir='ltr'>faoultas;</span> 
     </span>
     <span class='ocr_line' id='line_1_6' title="bbox 55 382 718 434; baseline 0.006 -16"><span class='ocrx_word' id='word_1_42' title='bbox 55 394 104 432; x_wconf 83' lang='lat' dir='ltr'>quae,</span> <span class='ocrx_word' id='word_1_43' title='bbox 115 387 263 432; x_wconf 86' lang='lat' dir='ltr'>quantacunque</span> <span class='ocrx_word' id='word_1_44' title='bbox 273 382 331 420; x_wconf 90' lang='lat' dir='ltr'>estin</span> <span class='ocrx_word' id='word_1_45' title='bbox 339 395 376 426; x_wconf 90' lang='lat' dir='ltr'>me,</span> <span class='ocrx_word' id='word_1_46' title='bbox 384 396 483 434; x_wconf 89' lang='lat' dir='ltr'>nunquam</span> <span class='ocrx_word' id='word_1_47' title='bbox 493 382 599 420; x_wconf 88' lang='lat' dir='ltr'>amicorum</span> <span class='ocrx_word' id='word_1_48' title='bbox 608 382 696 432; x_wconf 88' lang='lat' dir='ltr'>periculis</span> <span class='ocrx_word' id='word_1_49' title='bbox 707 389 718 422; x_wconf 88' lang='lat'><strong>5</strong></span> 
     </span>
     <span class='ocr_line' id='line_1_7' title="bbox 55 434 697 486; baseline 0.002 -14"><span class='ocrx_word' id='word_1_50' title='bbox 55 434 122 473; x_wconf 86' lang='lat' dir='ltr'>defuit.</span> <span class='ocrx_word' id='word_1_51' title='bbox 152 435 200 481; x_wconf 77' lang='lat' dir='ltr'>Quae</span> <span class='ocrx_word' id='word_1_52' title='bbox 210 435 226 473; x_wconf 87' lang='lat' dir='ltr'>si</span> <span class='ocrx_word' id='word_1_53' title='bbox 240 435 270 474; x_wconf 90' lang='lat' dir='ltr'>eui</span> <span class='ocrx_word' id='word_1_54' title='bbox 284 436 343 473; x_wconf 86' lang='lat' dir='ltr'>levior</span> <span class='ocrx_word' id='word_1_55' title='bbox 351 436 433 481; x_wconf 75' lang='lat' dir='ltr'>ridetur,</span> <span class='ocrx_word' id='word_1_56' title='bbox 447 436 480 474; x_wconf 91' lang='lat' dir='ltr'>illa</span> <span class='ocrx_word' id='word_1_57' title='bbox 492 436 571 486; x_wconf 89' lang='lat' dir='ltr'>quidem</span> <span class='ocrx_word' id='word_1_58' title='bbox 586 441 642 479; x_wconf 88' lang='lat' dir='ltr'>certe,</span> <span class='ocrx_word' id='word_1_59' title='bbox 653 448 697 485; x_wconf 78' lang='lat' dir='ltr'>quae</span> 
     </span>
     <span class='ocr_line' id='line_1_8' title="bbox 55 488 697 540; baseline -0.002 -14"><span class='ocrx_word' id='word_1_60' title='bbox 55 501 131 526; x_wconf 87' lang='lat' dir='ltr'>summa</span> <span class='ocrx_word' id='word_1_61' title='bbox 140 493 190 533; x_wconf 89' lang='lat' dir='ltr'>sunt,</span> <span class='ocrx_word' id='word_1_62' title='bbox 201 501 225 526; x_wconf 87' lang='grc'>611</span> <span class='ocrx_word' id='word_1_63' title='bbox 235 501 272 540; x_wconf 85' lang='lat' dir='ltr'>quo</span> <span class='ocrx_word' id='word_1_64' title='bbox 286 488 339 527; x_wconf 88' lang='lat' dir='ltr'>fonte</span> <span class='ocrx_word' id='word_1_65' title='bbox 353 489 446 534; x_wconf 79' lang='lat' dir='ltr'>hauriam,</span> <span class='ocrx_word' id='word_1_66' title='bbox 456 489 522 527; x_wconf 91' lang='lat' dir='ltr'>sentio.</span> <span class='ocrx_word' id='word_1_67' title='bbox 553 492 583 526; x_wconf 82' lang='grc'>14.</span> <span class='ocrx_word' id='word_1_68' title='bbox 598 488 650 525; x_wconf 88' lang='lat' dir='ltr'>Nam</span> <span class='ocrx_word' id='word_1_69' title='bbox 662 489 697 526; x_wconf 89' lang='lat' dir='ltr'>nisi</span> 
     </span>
     <span class='ocr_line' id='line_1_9' title="bbox 54 542 697 594; baseline 0 -15"><span class='ocrx_word' id='word_1_70' title='bbox 54 542 160 580; x_wconf 89' lang='lat' dir='ltr'>multorum</span> <span class='ocrx_word' id='word_1_71' title='bbox 170 543 272 594; x_wconf 72' lang='lat' dir='ltr'>praeceptis</span> <span class='ocrx_word' id='word_1_72' title='bbox 281 543 385 593; x_wconf 85' lang='lat' dir='ltr'>multisque</span> <span class='ocrx_word' id='word_1_73' title='bbox 398 543 457 581; x_wconf 91' lang='lat' dir='ltr'>literis</span> <span class='ocrx_word' id='word_1_74' title='bbox 467 543 513 580; x_wconf 90' lang='lat' dir='ltr'>mihi</span> <span class='ocrx_word' id='word_1_75' title='bbox 529 543 553 580; x_wconf 89' lang='lat' dir='ltr'>ab</span> <span class='ocrx_word' id='word_1_76' title='bbox 568 542 697 580; x_wconf 87' lang='lat' dir='ltr'>adolescentia</span> 
     </span>
     <span class='ocr_line' id='line_1_10' title="bbox 54 595 697 647; baseline 0 -14"><span class='ocrx_word' id='word_1_77' title='bbox 54 596 156 633; x_wconf 77' lang='lat' dir='ltr'><strong>suasissem</strong></span> <span class='ocrx_word' id='word_1_78' title='bbox 172 596 219 633; x_wconf 84' lang='lat' dir='ltr'>nihil</span> <span class='ocrx_word' id='word_1_79' title='bbox 232 608 274 634; x_wconf 92' lang='lat' dir='ltr'>esse</span> <span class='ocrx_word' id='word_1_80' title='bbox 290 595 309 633; x_wconf 92' lang='lat' dir='ltr'>in</span> <span class='ocrx_word' id='word_1_81' title='bbox 325 595 364 633; x_wconf 82' lang='lat' dir='ltr'>vita</span> <span class='ocrx_word' id='word_1_82' title='bbox 380 609 498 647; x_wconf 78' lang='lat' dir='ltr'>magnopere</span> <span class='ocrx_word' id='word_1_83' title='bbox 514 595 645 647; x_wconf 82' lang='lat' dir='ltr'>expetendum</span> <span class='ocrx_word' id='word_1_84' title='bbox 661 596 697 633; x_wconf 90' lang='lat' dir='ltr'>nisi</span> 
     </span>
     <span class='ocr_line' id='line_1_11' title="bbox 54 649 731 700; baseline 0.004 -14"><span class='ocrx_word' id='word_1_85' title='bbox 54 649 132 687; x_wconf 88' lang='lat' dir='ltr'>laudem</span> <span class='ocrx_word' id='word_1_86' title='bbox 141 653 200 700; x_wconf 88' lang='lat' dir='ltr'>atque</span> <span class='ocrx_word' id='word_1_87' title='bbox 209 649 341 693; x_wconf 87' lang='lat' dir='ltr'>honestatem;</span> <span class='ocrx_word' id='word_1_88' title='bbox 355 649 375 686; x_wconf 97' lang='lat' dir='ltr'>in</span> <span class='ocrx_word' id='word_1_89' title='bbox 385 662 407 686; x_wconf 88' lang='lat' dir='ltr'>ea</span> <span class='ocrx_word' id='word_1_90' title='bbox 414 654 479 687; x_wconf 89' lang='lat' dir='ltr'>autem</span> <span class='ocrx_word' id='word_1_91' title='bbox 489 649 622 699; x_wconf 88' lang='lat' dir='ltr'>persequenda</span> <span class='ocrx_word' id='word_1_92' title='bbox 630 662 696 686; x_wconf 89' lang='lat' dir='ltr'>omnes</span> <span class='ocrx_word' id='word_1_93' title='bbox 706 655 731 689; x_wconf 89' lang='lat'>10</span> 
     </span>
     <span class='ocr_line' id='line_1_12' title="bbox 54 702 696 753; baseline -0.003 -12"><span class='ocrx_word' id='word_1_94' title='bbox 54 702 149 741; x_wconf 82' lang='lat' dir='ltr'>eruciatus</span> <span class='ocrx_word' id='word_1_95' title='bbox 158 702 247 753; x_wconf 85' lang='lat' dir='ltr'>eorporis,</span> <span class='ocrx_word' id='word_1_96' title='bbox 256 703 319 740; x_wconf 90' lang='lat' dir='ltr'>omnia</span> <span class='ocrx_word' id='word_1_97' title='bbox 329 702 414 753; x_wconf 89' lang='lat' dir='ltr'>pericula</span> <span class='ocrx_word' id='word_1_98' title='bbox 423 702 489 740; x_wconf 89' lang='lat' dir='ltr'>mortis</span> <span class='ocrx_word' id='word_1_99' title='bbox 499 707 557 752; x_wconf 90' lang='lat' dir='ltr'>atque</span> <span class='ocrx_word' id='word_1_100' title='bbox 568 702 633 740; x_wconf 82' lang='lat' dir='ltr'>exsilia</span> <span class='ocrx_word' id='word_1_101' title='bbox 642 703 696 753; x_wconf 73' lang='lat' dir='ltr'>parii</span> 
     </span>
     <span class='ocr_line' id='line_1_13' title="bbox 54 755 696 807; baseline 0 -13"><span class='ocrx_word' id='word_1_102' title='bbox 54 768 96 793; x_wconf 89' lang='lat' dir='ltr'>esse</span> <span class='ocrx_word' id='word_1_103' title='bbox 111 755 205 800; x_wconf 88' lang='lat' dir='ltr'>ducenda,</span> <span class='ocrx_word' id='word_1_104' title='bbox 220 768 318 807; x_wconf 87' lang='lat' dir='ltr'>nunquam</span> <span class='ocrx_word' id='word_1_105' title='bbox 334 768 366 793; x_wconf 89' lang='lat' dir='ltr'>me</span> <span class='ocrx_word' id='word_1_106' title='bbox 382 769 418 806; x_wconf 89' lang='lat' dir='ltr'>pro</span> <span class='ocrx_word' id='word_1_107' title='bbox 435 756 496 793; x_wconf 85' lang='lat' dir='ltr'>salute</span> <span class='ocrx_word' id='word_1_108' title='bbox 512 760 577 792; x_wconf 79' lang='lat' dir='ltr'>vestra</span> <span class='ocrx_word' id='word_1_109' title='bbox 592 756 612 792; x_wconf 88' lang='lat' dir='ltr'>in</span> <span class='ocrx_word' id='word_1_110' title='bbox 628 760 657 793; x_wconf 90' lang='lat' dir='ltr'>tot</span> <span class='ocrx_word' id='word_1_111' title='bbox 674 769 696 794; x_wconf 89' lang='lat' dir='ltr'>ac</span> 
     </span>
     <span class='ocr_line' id='line_1_14' title="bbox 53 809 696 860; baseline 0 -13"><span class='ocrx_word' id='word_1_112' title='bbox 53 814 117 847; x_wconf 84' lang='lat' dir='ltr'>tantas</span> <span class='ocrx_word' id='word_1_113' title='bbox 132 809 263 847; x_wconf 78' lang='lat' dir='ltr'>dimicationes</span> <span class='ocrx_word' id='word_1_114' title='bbox 276 814 334 860; x_wconf 88' lang='lat' dir='ltr'>atque</span> <span class='ocrx_word' id='word_1_115' title='bbox 349 809 369 847; x_wconf 90' lang='lat' dir='ltr'>in</span> <span class='ocrx_word' id='word_1_116' title='bbox 383 810 418 847; x_wconf 88' lang='lat' dir='ltr'>hos</span> <span class='ocrx_word' id='word_1_117' title='bbox 435 809 581 860; x_wconf 78' lang='lat' dir='ltr'>profligatorum</span> <span class='ocrx_word' id='word_1_118' title='bbox 597 809 696 847; x_wconf 89' lang='lat' dir='ltr'>hominum</span> 
     </span>
     <span class='ocr_line' id='line_1_15' title="bbox 53 862 696 914; baseline 0.002 -14"><span class='ocrx_word' id='word_1_119' title='bbox 53 863 173 913; x_wconf 85' lang='lat' dir='ltr'>quotidianos</span> <span class='ocrx_word' id='word_1_120' title='bbox 190 863 273 913; x_wconf 90' lang='lat' dir='ltr'>impetus</span> <span class='ocrx_word' id='word_1_121' title='bbox 292 863 410 913; x_wconf 68' lang='lat' dir='ltr'>objecissem,</span> <span class='ocrx_word' id='word_1_122' title='bbox 446 862 485 901; x_wconf 77' lang='lat' dir='ltr'>Sed</span> <span class='ocrx_word' id='word_1_123' title='bbox 502 862 553 914; x_wconf 89' lang='lat' dir='ltr'>pleni</span> <span class='ocrx_word' id='word_1_124' title='bbox 569 867 614 900; x_wconf 88' lang='lat' dir='ltr'>sunt</span> <span class='ocrx_word' id='word_1_125' title='bbox 630 875 696 901; x_wconf 91' lang='lat' dir='ltr'>omnes</span> 
     </span>
     <span class='ocr_line' id='line_1_16' title="bbox 53 915 730 968; baseline 0.004 -15"><span class='ocrx_word' id='word_1_126' title='bbox 53 915 102 961; x_wconf 83' lang='lat' dir='ltr'>libri,</span> <span class='ocrx_word' id='word_1_127' title='bbox 113 916 175 968; x_wconf 70' lang='lat' dir='ltr'>plenae</span> <span class='ocrx_word' id='word_1_128' title='bbox 185 916 299 967; x_wconf 88' lang='lat' dir='ltr'>sapientium</span> <span class='ocrx_word' id='word_1_129' title='bbox 309 929 371 960; x_wconf 82' lang='lat' dir='ltr'>voces,</span> <span class='ocrx_word' id='word_1_130' title='bbox 382 916 440 966; x_wconf 89' lang='lat' dir='ltr'>plena</span> <span class='ocrx_word' id='word_1_131' title='bbox 454 915 586 967; x_wconf 79' lang='lat' dir='ltr'>exemplorum</span> <span class='ocrx_word' id='word_1_132' title='bbox 595 920 695 961; x_wconf 46' lang='lat' dir='ltr'>vetustam</span> <span class='ocrx_word' id='word_1_133' title='bbox 706 922 730 958; x_wconf 89' lang='grc'>15</span> 
     </span>
     <span class='ocr_line' id='line_1_17' title="bbox 53 969 695 1021; baseline 0.002 -15"><span class='ocrx_word' id='word_1_134' title='bbox 53 983 97 1020; x_wconf 82' lang='lat' dir='ltr'>quae</span> <span class='ocrx_word' id='word_1_135' title='bbox 110 971 197 1021; x_wconf 83' lang='lat' dir='ltr'>jacerent</span> <span class='ocrx_word' id='word_1_136' title='bbox 210 970 229 1007; x_wconf 90' lang='lat' dir='ltr'>in</span> <span class='ocrx_word' id='word_1_137' title='bbox 239 970 322 1008; x_wconf 90' lang='lat' dir='ltr'>tenebris</span> <span class='ocrx_word' id='word_1_138' title='bbox 332 970 400 1013; x_wconf 79' lang='lat' dir='ltr'>omnia,</span> <span class='ocrx_word' id='word_1_139' title='bbox 411 969 446 1007; x_wconf 90' lang='lat' dir='ltr'>nisi</span> <span class='ocrx_word' id='word_1_140' title='bbox 459 970 557 1008; x_wconf 87' lang='lat' dir='ltr'>literarum</span> <span class='ocrx_word' id='word_1_141' title='bbox 567 970 632 1007; x_wconf 90' lang='lat' dir='ltr'>lumen</span> <span class='ocrx_word' id='word_1_142' title='bbox 642 982 695 1007; x_wconf 88' lang='lat' dir='ltr'>acce-</span> 
     </span>
     <span class='ocr_line' id='line_1_18' title="bbox 53 1022 695 1074; baseline 0 -14"><span class='ocrx_word' id='word_1_143' title='bbox 53 1023 113 1061; x_wconf 91' lang='lat' dir='ltr'>deret.</span> <span class='ocrx_word' id='word_1_144' title='bbox 142 1023 204 1068; x_wconf 78' lang='lat' dir='ltr'>Quam</span> <span class='ocrx_word' id='word_1_145' title='bbox 214 1023 285 1060; x_wconf 86' lang='lat' dir='ltr'>multas</span> <span class='ocrx_word' id='word_1_146' title='bbox 295 1022 350 1061; x_wconf 91' lang='lat' dir='ltr'>nobis</span> <span class='ocrx_word' id='word_1_147' title='bbox 359 1022 452 1074; x_wconf 79' lang='lat' dir='ltr'>imagines</span> <span class='ocrx_word' id='word_1_148' title='bbox 462 1036 500 1061; x_wconf 90' lang='lat' dir='ltr'>non</span> <span class='ocrx_word' id='word_1_149' title='bbox 509 1023 571 1060; x_wconf 88' lang='lat' dir='ltr'>solum</span> <span class='ocrx_word' id='word_1_150' title='bbox 582 1022 607 1059; x_wconf 91' lang='lat' dir='ltr'>ad</span> <span class='ocrx_word' id='word_1_151' title='bbox 620 1023 695 1060; x_wconf 66' lang='lat' dir='ltr'>intueri-⁴</span> 
     </span>
     <span class='ocr_line' id='line_1_19' title="bbox 53 1076 695 1120; baseline -0.002 -6"><span class='ocrx_word' id='word_1_152' title='bbox 53 1076 105 1120; x_wconf 90' lang='lat' dir='ltr'>dum,</span> <span class='ocrx_word' id='word_1_153' title='bbox 121 1089 187 1114; x_wconf 87' lang='lat' dir='ltr'>verum</span> <span class='ocrx_word' id='word_1_154' title='bbox 204 1077 262 1113; x_wconf 90' lang='lat' dir='ltr'>etiam</span> <span class='ocrx_word' id='word_1_155' title='bbox 279 1076 304 1114; x_wconf 89' lang='lat' dir='ltr'>ad</span> <span class='ocrx_word' id='word_1_156' title='bbox 320 1076 434 1114; x_wconf 86' lang='lat' dir='ltr'>imitandum</span> <span class='ocrx_word' id='word_1_157' title='bbox 450 1076 598 1114; x_wconf 79' lang='lat' dir='ltr'>fortissimorum</span> <span class='ocrx_word' id='word_1_158' title='bbox 611 1076 695 1114; x_wconf 80' lang='lat' dir='ltr'>virorum</span> 
     </span>
     <span class='ocr_line' id='line_1_20' title="bbox 52 1129 695 1180; baseline 0.005 -15"><span class='ocrx_word' id='word_1_159' title='bbox 52 1141 153 1180; x_wconf 81' lang='lat' dir='ltr'>expressas</span> <span class='ocrx_word' id='word_1_160' title='bbox 163 1130 265 1179; x_wconf 75' lang='lat' dir='ltr'>scriptores</span> <span class='ocrx_word' id='word_1_161' title='bbox 276 1134 295 1166; x_wconf 90' lang='lat' dir='ltr'>et</span> <span class='ocrx_word' id='word_1_162' title='bbox 306 1129 370 1167; x_wconf 81' lang='lat' dir='ltr'>Greeci</span> <span class='ocrx_word' id='word_1_163' title='bbox 380 1133 399 1166; x_wconf 93' lang='lat' dir='ltr'>et</span> <span class='ocrx_word' id='word_1_164' title='bbox 409 1129 472 1166; x_wconf 86' lang='lat' dir='ltr'>Latini</span> <span class='ocrx_word' id='word_1_165' title='bbox 481 1129 612 1178; x_wconf 79' lang='lat' dir='ltr'>reliquerunt.</span> <span class='ocrx_word' id='word_1_166' title='bbox 590 1129 614 1166; x_wconf 69' lang='lat' dir='ltr'>t‘l</span> <span class='ocrx_word' id='word_1_167' title='bbox 642 1130 695 1174; x_wconf 75' lang='lat' dir='ltr'>Quas</span> 
     </span>
     <span class='ocr_line' id='line_1_21' title="bbox 53 1182 730 1234; baseline 0.003 -14"><span class='ocrx_word' id='word_1_168' title='bbox 53 1195 89 1234; x_wconf 78' lang='lat' dir='ltr'>ego</span> <span class='ocrx_word' id='word_1_169' title='bbox 104 1183 151 1220; x_wconf 87' lang='lat' dir='ltr'>mihi</span> <span class='ocrx_word' id='word_1_170' title='bbox 164 1195 241 1233; x_wconf 89' lang='lat' dir='ltr'>semper</span> <span class='ocrx_word' id='word_1_171' title='bbox 257 1182 276 1220; x_wconf 89' lang='lat' dir='ltr'>in</span> <span class='ocrx_word' id='word_1_172' title='bbox 289 1182 440 1220; x_wconf 86' lang='lat' dir='ltr'>administranda</span> <span class='ocrx_word' id='word_1_173' title='bbox 456 1195 477 1219; x_wconf 90' lang='lat' dir='ltr'>re</span> <span class='ocrx_word' id='word_1_174' title='bbox 491 1182 569 1233; x_wconf 86' lang='lat' dir='ltr'>publica</span> <span class='ocrx_word' id='word_1_175' title='bbox 585 1195 695 1233; x_wconf 87' lang='lat' dir='ltr'>proponens</span> <span class='ocrx_word' id='word_1_176' title='bbox 706 1189 730 1223; x_wconf 79' lang='lat'>20</span> 
     </span>
     <span class='ocr_line' id='line_1_22' title="bbox 52 1235 694 1287; baseline 0.003 -15"><span class='ocrx_word' id='word_1_177' title='bbox 52 1235 136 1274; x_wconf 85' lang='lat' dir='ltr'>animum</span> <span class='ocrx_word' id='word_1_178' title='bbox 146 1241 166 1274; x_wconf 89' lang='lat' dir='ltr'>et</span> <span class='ocrx_word' id='word_1_179' title='bbox 175 1241 259 1273; x_wconf 89' lang='lat' dir='ltr'>mentem</span> <span class='ocrx_word' id='word_1_180' title='bbox 269 1249 333 1274; x_wconf 90' lang='lat' dir='ltr'>meam</span> <span class='ocrx_word' id='word_1_181' title='bbox 345 1237 388 1287; x_wconf 87' lang='lat' dir='ltr'>ipsa</span> <span class='ocrx_word' id='word_1_182' title='bbox 398 1236 513 1287; x_wconf 79' lang='lat' dir='ltr'>cogitatione</span> <span class='ocrx_word' id='word_1_183' title='bbox 523 1235 622 1273; x_wconf 90' lang='lat' dir='ltr'>hominum</span> <span class='ocrx_word' id='word_1_184' title='bbox 632 1236 694 1274; x_wconf 82' lang='lat' dir='ltr'>excel</span> 
     </span>
     <span class='ocr_line' id='line_1_23' title="bbox 51 1288 289 1328; baseline 0 -2"><span class='ocrx_word' id='word_1_185' title='bbox 51 1288 131 1327; x_wconf 89' lang='lat' dir='ltr'>lentium</span> <span class='ocrx_word' id='word_1_186' title='bbox 141 1289 207 1328; x_wconf 82' lang='lat' dir='ltr'>consor</span> <span class='ocrx_word' id='word_1_187' title='bbox 208 1290 289 1328; x_wconf 87' lang='lat' dir='ltr'>mabam</span> 
     </span>
    </p>

    <p class='ocr_par' dir='ltr' id='par_1_3' title="bbox 48 1341 729 2513">
     <span class='ocr_line' id='line_1_24' title="bbox 78 1341 693 1394; baseline -0.003 -13"><span class='ocrx_word' id='word_1_188' title='bbox 78 1342 124 1380; x_wconf 88' lang='lat' dir='ltr'>VH.</span> <span class='ocrx_word' id='word_1_189' title='bbox 155 1346 185 1381; x_wconf 84' lang='lat'>15.</span> <span class='ocrx_word' id='word_1_190' title='bbox 201 1343 279 1388; x_wconf 79' lang='lat' dir='ltr'>Quaeret</span> <span class='ocrx_word' id='word_1_191' title='bbox 288 1342 395 1394; x_wconf 84' lang='lat' dir='ltr'>quispiam:</span> <span class='ocrx_word' id='word_1_192' title='bbox 411 1341 512 1387; x_wconf 73' lang='lat' dir='ltr'>Quidl&#39;ll</span> <span class='ocrx_word' id='word_1_193' title='bbox 492 1355 498 1379; x_wconf 90' lang='lat'>1</span> <span class='ocrx_word' id='word_1_194' title='bbox 513 1356 518 1379; x_wconf 90' lang='lat'><em>1</em></span> <span class='ocrx_word' id='word_1_195' title='bbox 527 1355 564 1393; x_wconf 80' lang='lat' dir='ltr'>ipsi</span> <span class='ocrx_word' id='word_1_196' title='bbox 574 1343 643 1380; x_wconf 90' lang='lat' dir='ltr'>summi</span> <span class='ocrx_word' id='word_1_197' title='bbox 653 1342 693 1386; x_wconf 82' lang='lat' dir='ltr'>viri,</span> 
     </span>
     <span class='ocr_line' id='line_1_25' title="bbox 51 1396 694 1447; baseline 0.002 -14"><span class='ocrx_word' id='word_1_198' title='bbox 51 1408 133 1446; x_wconf 86' lang='lat' dir='ltr'>quorum</span> <span class='ocrx_word' id='word_1_199' title='bbox 142 1396 223 1434; x_wconf 78' lang='lat' dir='ltr'>iirtutes</span> <span class='ocrx_word' id='word_1_200' title='bbox 233 1396 291 1434; x_wconf 88' lang='lat' dir='ltr'>literis</span> <span class='ocrx_word' id='word_1_201' title='bbox 306 1396 388 1446; x_wconf 76' lang='lat' dir='ltr'>proditae</span> <span class='ocrx_word' id='word_1_202' title='bbox 399 1401 449 1440; x_wconf 85' lang='lat' dir='ltr'>sunt,</span> <span class='ocrx_word' id='word_1_203' title='bbox 463 1396 524 1433; x_wconf 84' lang='lat' dir='ltr'>istane</span> <span class='ocrx_word' id='word_1_204' title='bbox 534 1396 625 1440; x_wconf 81' lang='lat' dir='ltr'>doctrina,</span> <span class='ocrx_word' id='word_1_205' title='bbox 636 1409 694 1447; x_wconf 82' lang='lat' dir='ltr'>quam</span> 
     </span>
     <span class='ocr_line' id='line_1_26' title="bbox 51 1449 729 1494; baseline 0.004 -9"><span class='ocrx_word' id='word_1_206' title='bbox 51 1453 73 1486; x_wconf 89' lang='lat' dir='ltr'>tu</span> <span class='ocrx_word' id='word_1_207' title='bbox 89 1449 144 1487; x_wconf 84' lang='lat' dir='ltr'>effers</span> <span class='ocrx_word' id='word_1_208' title='bbox 158 1449 253 1494; x_wconf 87' lang='lat' dir='ltr'>laudibus,</span> <span class='ocrx_word' id='word_1_209' title='bbox 268 1449 338 1487; x_wconf 86' lang='lat' dir='ltr'>eruditi</span> <span class='ocrx_word' id='word_1_210' title='bbox 351 1449 445 1487; x_wconf 71' lang='lat' dir='ltr'>luerunt?</span> <span class='ocrx_word' id='word_1_211' title='bbox 479 1449 561 1486; x_wconf 87' lang='lat' dir='ltr'>Diffioile</span> <span class='ocrx_word' id='word_1_212' title='bbox 575 1454 604 1486; x_wconf 89' lang='lat' dir='ltr'>est</span> <span class='ocrx_word' id='word_1_213' title='bbox 618 1450 655 1487; x_wconf 86' lang='grc'><strong>1166</strong></span> <span class='ocrx_word' id='word_1_214' title='bbox 670 1449 694 1486; x_wconf 91' lang='lat' dir='ltr'>de</span> <span class='ocrx_word' id='word_1_215' title='bbox 704 1456 729 1491; x_wconf 79' lang='lat'>25</span> 
     </span>
     <span class='ocr_line' id='line_1_27' title="bbox 51 1502 693 1553; baseline 0.002 -14"><span class='ocrx_word' id='word_1_216' title='bbox 51 1502 139 1541; x_wconf 86' lang='lat' dir='ltr'>omnibus</span> <span class='ocrx_word' id='word_1_217' title='bbox 154 1503 275 1541; x_wconf 88' lang='lat' dir='ltr'>confirmare:</span> <span class='ocrx_word' id='word_1_218' title='bbox 291 1502 325 1540; x_wconf 92' lang='lat' dir='ltr'>sed</span> <span class='ocrx_word' id='word_1_219' title='bbox 341 1506 406 1540; x_wconf 88' lang='lat' dir='ltr'>tamen</span> <span class='ocrx_word' id='word_1_220' title='bbox 419 1508 448 1539; x_wconf 89' lang='lat' dir='ltr'>est</span> <span class='ocrx_word' id='word_1_221' title='bbox 465 1507 544 1547; x_wconf 80' lang='lat' dir='ltr'>eertum,</span> <span class='ocrx_word' id='word_1_222' title='bbox 555 1502 601 1553; x_wconf 87' lang='lat' dir='ltr'>quid</span> <span class='ocrx_word' id='word_1_223' title='bbox 615 1515 693 1553; x_wconf 87' lang='lat' dir='ltr'>respon-</span> 
     </span>
     <span class='ocr_line' id='line_1_28' title="bbox 51 1554 694 1607; baseline 0 -15"><span class='ocrx_word' id='word_1_224' title='bbox 51 1554 112 1594; x_wconf 87' lang='lat' dir='ltr'>deam.</span> <span class='ocrx_word' id='word_1_225' title='bbox 145 1556 188 1607; x_wconf 82' lang='lat' dir='ltr'>Ego</span> <span class='ocrx_word' id='word_1_226' title='bbox 202 1556 272 1594; x_wconf 85' lang='lat' dir='ltr'>multos</span> <span class='ocrx_word' id='word_1_227' title='bbox 290 1556 376 1593; x_wconf 84' lang='lat' dir='ltr'>homines</span> <span class='ocrx_word' id='word_1_228' title='bbox 391 1555 490 1593; x_wconf 80' lang='lat' dir='ltr'>excellenti</span> <span class='ocrx_word' id='word_1_229' title='bbox 507 1556 569 1593; x_wconf 91' lang='lat' dir='ltr'>animo</span> <span class='ocrx_word' id='word_1_230' title='bbox 585 1569 607 1593; x_wconf 89' lang='lat' dir='ltr'>ac</span> <span class='ocrx_word' id='word_1_231' title='bbox 625 1556 694 1593; x_wconf 87' lang='lat' dir='ltr'>virtute</span> 
     </span>
     <span class='ocr_line' id='line_1_29' title="bbox 50 1608 693 1660; baseline 0.002 -15"><span class='ocrx_word' id='word_1_232' title='bbox 50 1608 108 1646; x_wconf 85' lang='lat' dir='ltr'>fuisse</span> <span class='ocrx_word' id='word_1_233' title='bbox 123 1614 142 1646; x_wconf 90' lang='lat' dir='ltr'>et</span> <span class='ocrx_word' id='word_1_234' title='bbox 156 1610 197 1647; x_wconf 91' lang='lat' dir='ltr'>sine</span> <span class='ocrx_word' id='word_1_235' title='bbox 210 1610 296 1647; x_wconf 87' lang='lat' dir='ltr'>doctriua</span> <span class='ocrx_word' id='word_1_236' title='bbox 309 1614 384 1647; x_wconf 81' lang='lat' dir='ltr'>naturae</span> <span class='ocrx_word' id='word_1_237' title='bbox 399 1610 458 1660; x_wconf 88' lang='lat' dir='ltr'>ipsius</span> <span class='ocrx_word' id='word_1_238' title='bbox 473 1609 541 1647; x_wconf 85' lang='lat' dir='ltr'>habitu</span> <span class='ocrx_word' id='word_1_239' title='bbox 555 1621 616 1659; x_wconf 88' lang='lat' dir='ltr'>prope</span> <span class='ocrx_word' id='word_1_240' title='bbox 630 1609 693 1646; x_wconf 81' lang='grc'><strong>11111116</strong></span> 
     </span>
     <span class='ocr_line' id='line_1_30' title="bbox 51 1661 692 1713; baseline -0.002 -14"><span class='ocrx_word' id='word_1_241' title='bbox 51 1673 85 1711; x_wconf 87' lang='lat' dir='ltr'>per</span> <span class='ocrx_word' id='word_1_242' title='bbox 94 1675 115 1700; x_wconf 90' lang='lat' dir='ltr'>se</span> <span class='ocrx_word' id='word_1_243' title='bbox 124 1662 176 1713; x_wconf 84' lang='lat' dir='ltr'>ipsos</span> <span class='ocrx_word' id='word_1_244' title='bbox 186 1667 206 1700; x_wconf 88' lang='lat' dir='ltr'>et</span> <span class='ocrx_word' id='word_1_245' title='bbox 215 1662 325 1700; x_wconf 87' lang='lat' dir='ltr'>moderatos</span> <span class='ocrx_word' id='word_1_246' title='bbox 335 1667 355 1699; x_wconf 90' lang='grc'>61</span> <span class='ocrx_word' id='word_1_247' title='bbox 364 1674 433 1713; x_wconf 74' lang='lat' dir='ltr'>graues</span> <span class='ocrx_word' id='word_1_248' title='bbox 443 1661 538 1699; x_wconf 77' lang='lat' dir='ltr'>exstitisse</span> <span class='ocrx_word' id='word_1_249' title='bbox 547 1661 619 1699; x_wconf 81' lang='lat' dir='ltr'>fateor:</span> <span class='ocrx_word' id='word_1_250' title='bbox 635 1662 692 1699; x_wconf 87' lang='lat' dir='ltr'>etiam</span> 
     </span>
     <span class='ocr_line' id='line_1_31' title="bbox 50 1713 728 1775; baseline 0.003 -24"><span class='ocrx_word' id='word_1_251' title='bbox 50 1713 98 1753; x_wconf 89' lang='lat' dir='ltr'>illud</span> <span class='ocrx_word' id='word_1_252' title='bbox 107 1715 199 1767; x_wconf 82' lang='lat' dir='ltr'>adjungo,</span> <span class='ocrx_word' id='word_1_253' title='bbox 210 1715 281 1775; x_wconf 82' lang='lat' dir='ltr'>saepius</span> <span class='ocrx_word' id='word_1_254' title='bbox 296 1715 321 1752; x_wconf 89' lang='lat' dir='ltr'>ad</span> <span class='ocrx_word' id='word_1_255' title='bbox 337 1715 414 1752; x_wconf 88' lang='lat' dir='ltr'>laudem</span> <span class='ocrx_word' id='word_1_256' title='bbox 429 1719 487 1765; x_wconf 85' lang='lat' dir='ltr'>atque</span> <span class='ocrx_word' id='word_1_257' title='bbox 497 1715 587 1752; x_wconf 90' lang='lat' dir='ltr'>virtutem</span> <span class='ocrx_word' id='word_1_258' title='bbox 604 1719 728 1755; x_wconf 81' lang='lat' dir='ltr'>nat-uran130</span> 
     </span>
     <span class='ocr_line' id='line_1_32' title="bbox 51 1767 692 1819; baseline 0.002 -15"><span class='ocrx_word' id='word_1_259' title='bbox 51 1768 90 1805; x_wconf 89' lang='lat' dir='ltr'>sine</span> <span class='ocrx_word' id='word_1_260' title='bbox 100 1769 186 1806; x_wconf 86' lang='lat' dir='ltr'>doctrina</span> <span class='ocrx_word' id='word_1_261' title='bbox 196 1782 254 1819; x_wconf 87' lang='lat' dir='ltr'>quam</span> <span class='ocrx_word' id='word_1_262' title='bbox 264 1769 303 1805; x_wconf 90' lang='lat' dir='ltr'>sine</span> <span class='ocrx_word' id='word_1_263' title='bbox 315 1773 384 1805; x_wconf 86' lang='lat' dir='ltr'>natura</span> <span class='ocrx_word' id='word_1_264' title='bbox 393 1768 475 1805; x_wconf 72' lang='lat' dir='ltr'>ualuisse</span> <span class='ocrx_word' id='word_1_265' title='bbox 485 1767 544 1805; x_wconf 89' lang='lat' dir='ltr'>doct&#39;</span> <span class='ocrx_word' id='word_1_266' title='bbox 523 1773 596 1805; x_wconf 84' lang='lat' dir='ltr'>trinam.</span> <span class='ocrx_word' id='word_1_267' title='bbox 626 1769 653 1805; x_wconf 87' lang='lat' dir='ltr'>At</span> <span class='ocrx_word' id='word_1_268' title='bbox 646 1773 692 1818; x_wconf 90' lang='lat' dir='ltr'>tque</span> 
     </span>
     <span class='ocr_line' id='line_1_33' title="bbox 50 1819 693 1874; baseline 0.002 -17"><span class='ocrx_word' id='word_1_269' title='bbox 50 1819 101 1858; x_wconf 90' lang='lat' dir='ltr'>idem</span> <span class='ocrx_word' id='word_1_270' title='bbox 117 1835 154 1874; x_wconf 78' lang='lat' dir='ltr'>ego</span> <span class='ocrx_word' id='word_1_271' title='bbox 171 1822 207 1859; x_wconf 92' lang='grc'><strong>1166</strong></span> <span class='ocrx_word' id='word_1_272' title='bbox 224 1826 268 1859; x_wconf 88' lang='lat' dir='ltr'>cont</span> <span class='ocrx_word' id='word_1_273' title='bbox 261 1821 324 1866; x_wconf 81' lang='lat' dir='ltr'>tendo,</span> <span class='ocrx_word' id='word_1_274' title='bbox 343 1834 403 1872; x_wconf 90' lang='lat' dir='ltr'>quum</span> <span class='ocrx_word' id='word_1_275' title='bbox 420 1820 445 1858; x_wconf 89' lang='lat' dir='ltr'>ad</span> <span class='ocrx_word' id='word_1_276' title='bbox 462 1825 551 1858; x_wconf 81' lang='lat' dir='ltr'>naturam</span> <span class='ocrx_word' id='word_1_277' title='bbox 568 1821 656 1858; x_wconf 76' lang='lat' dir='ltr'>eximiam</span> <span class='ocrx_word' id='word_1_278' title='bbox 673 1826 693 1859; x_wconf 90' lang='lat' dir='ltr'>et</span> 
     </span>
     <span class='ocr_line' id='line_1_34' title="bbox 50 1872 691 1935; baseline 0 -24"><span class='ocrx_word' id='word_1_279' title='bbox 50 1872 101 1912; x_wconf 89' lang='lat' dir='ltr'>illust</span> <span class='ocrx_word' id='word_1_280' title='bbox 94 1879 143 1913; x_wconf 89' lang='lat' dir='ltr'>trem</span> <span class='ocrx_word' id='word_1_281' title='bbox 152 1875 253 1913; x_wconf 86' lang='lat' dir='ltr'>accesserit</span> <span class='ocrx_word' id='word_1_282' title='bbox 263 1874 310 1912; x_wconf 86' lang='lat' dir='ltr'>ratio</span> <span class='ocrx_word' id='word_1_283' title='bbox 320 1874 411 1925; x_wconf 81' lang='lat' dir='ltr'>quaedam</span> <span class='ocrx_word' id='word_1_284' title='bbox 422 1873 584 1925; x_wconf 73' lang='lat' dir='ltr'>conformatioque</span> <span class='ocrx_word' id='word_1_285' title='bbox 594 1874 691 1935; x_wconf 81' lang='lat' dir='ltr'>doctrinae,</span> 
     </span>
     <span class='ocr_line' id='line_1_35' title="bbox 50 1928 692 1979; baseline 0.002 -15"><span class='ocrx_word' id='word_1_286' title='bbox 50 1932 91 1965; x_wconf 89' lang='lat' dir='ltr'>tum</span> <span class='ocrx_word' id='word_1_287' title='bbox 105 1928 153 1966; x_wconf 83' lang='lat' dir='ltr'>illud</span> <span class='ocrx_word' id='word_1_288' title='bbox 166 1929 230 1966; x_wconf 85' lang='lat' dir='ltr'>nescio</span> <span class='ocrx_word' id='word_1_289' title='bbox 240 1928 286 1979; x_wconf 88' lang='lat' dir='ltr'>quid</span> <span class='ocrx_word' id='word_1_290' title='bbox 300 1929 415 1979; x_wconf 87' lang='lat' dir='ltr'>praeclarum</span> <span class='ocrx_word' id='word_1_291' title='bbox 425 1941 448 1965; x_wconf 88' lang='lat' dir='ltr'>ac</span> <span class='ocrx_word' id='word_1_292' title='bbox 458 1928 554 1979; x_wconf 82' lang='lat' dir='ltr'>singulare</span> <span class='ocrx_word' id='word_1_293' title='bbox 569 1928 629 1965; x_wconf 88' lang='lat' dir='ltr'>solere</span> <span class='ocrx_word' id='word_1_294' title='bbox 644 1929 692 1965; x_wconf 79' lang='lat' dir='ltr'>exsi-</span> 
     </span>
     <span class='ocr_line' id='line_1_36' title="bbox 51 1981 727 2032; baseline 0.007 -16"><span class='ocrx_word' id='word_1_295' title='bbox 51 1985 112 2026; x_wconf 84' lang='lat' dir='ltr'>stere;</span> <span class='ocrx_word' id='word_1_296' title='bbox 128 1986 158 2020; x_wconf 87' lang='grc'>16.</span> <span class='ocrx_word' id='word_1_297' title='bbox 174 1994 198 2019; x_wconf 84' lang='lat' dir='ltr'>ex</span> <span class='ocrx_word' id='word_1_298' title='bbox 214 1983 250 2019; x_wconf 91' lang='lat' dir='ltr'>hoc</span> <span class='ocrx_word' id='word_1_299' title='bbox 266 1994 308 2019; x_wconf 88' lang='lat' dir='ltr'>esse</span> <span class='ocrx_word' id='word_1_300' title='bbox 324 1982 375 2019; x_wconf 89' lang='lat' dir='ltr'>huno</span> <span class='ocrx_word' id='word_1_301' title='bbox 390 1981 727 2032; x_wconf 67' lang='grc'><strong>1111111616611611161116116111135</strong></span> 
     </span>
     <span class='ocr_line' id='line_1_37' title="bbox 50 2033 691 2080; baseline 0.003 -10"><span class='ocrx_word' id='word_1_302' title='bbox 50 2033 143 2080; x_wconf 85' lang='lat' dir='ltr'>viderunt,</span> <span class='ocrx_word' id='word_1_303' title='bbox 151 2035 236 2073; x_wconf 76' lang='lat' dir='ltr'>ditinum</span> <span class='ocrx_word' id='word_1_304' title='bbox 244 2034 346 2079; x_wconf 87' lang='lat' dir='ltr'>hominem,</span> <span class='ocrx_word' id='word_1_305' title='bbox 354 2035 479 2079; x_wconf 61' lang='lat' dir='ltr'>Africanum</span> <span class='ocrx_word' id='word_1_306' title='bbox 495 2047 518 2073; x_wconf 83' lang='lat' dir='ltr'>ex</span> <span class='ocrx_word' id='word_1_307' title='bbox 527 2035 564 2073; x_wconf 91' lang='grc'><strong>1166</strong></span> <span class='ocrx_word' id='word_1_308' title='bbox 575 2034 596 2073; x_wconf 83' lang='lat' dir='ltr'>O.</span> <span class='ocrx_word' id='word_1_309' title='bbox 604 2034 691 2079; x_wconf 84' lang='lat' dir='ltr'>Laelium,</span> 
     </span>
     <span class='ocr_line' id='line_1_38' title="bbox 50 2085 691 2133; baseline 0.003 -10"><span class='ocrx_word' id='word_1_310' title='bbox 50 2085 71 2124; x_wconf 87' lang='lat' dir='ltr'>L.</span> <span class='ocrx_word' id='word_1_311' title='bbox 88 2087 173 2133; x_wconf 85' lang='lat' dir='ltr'>Furium,</span> <span class='ocrx_word' id='word_1_312' title='bbox 191 2088 353 2127; x_wconf 89' lang='lat' dir='ltr'>moderatissimos</span> <span class='ocrx_word' id='word_1_313' title='bbox 370 2088 457 2126; x_wconf 87' lang='lat' dir='ltr'>homines</span> <span class='ocrx_word' id='word_1_314' title='bbox 473 2092 493 2126; x_wconf 88' lang='lat' dir='ltr'>et</span> <span class='ocrx_word' id='word_1_315' title='bbox 509 2088 691 2132; x_wconf 88' lang='lat' dir='ltr'>continentissimos;</span> 
     </span>
     <span class='ocr_line' id='line_1_39' title="bbox 50 2141 691 2192; baseline 0.003 -16"><span class='ocrx_word' id='word_1_316' title='bbox 50 2141 119 2179; x_wconf 82' lang='grc'><strong>6111166</strong></span> <span class='ocrx_word' id='word_1_317' title='bbox 129 2142 254 2180; x_wconf 79' lang='lat' dir='ltr'>fortissimum</span> <span class='ocrx_word' id='word_1_318' title='bbox 263 2143 325 2179; x_wconf 85' lang='grc'><strong>11111111</strong></span> <span class='ocrx_word' id='word_1_319' title='bbox 335 2147 354 2179; x_wconf 85' lang='grc'>61</span> <span class='ocrx_word' id='word_1_320' title='bbox 370 2142 406 2179; x_wconf 88' lang='lat' dir='ltr'>illis</span> <span class='ocrx_word' id='word_1_321' title='bbox 420 2141 539 2192; x_wconf 86' lang='lat' dir='ltr'>temporibus</span> <span class='ocrx_word' id='word_1_322' title='bbox 553 2142 691 2184; x_wconf 76' lang='lat' dir='ltr'>doctissimum,</span> 
     </span>
     <span class='ocr_line' id='line_1_40' title="bbox 50 2192 691 2245; baseline 0.005 -17"><span class='ocrx_word' id='word_1_323' title='bbox 50 2192 144 2231; x_wconf 77' lang='lat' dir='ltr'>Catonem</span> <span class='ocrx_word' id='word_1_324' title='bbox 153 2195 207 2232; x_wconf 92' lang='lat' dir='ltr'>illum</span> <span class='ocrx_word' id='word_1_325' title='bbox 214 2208 285 2239; x_wconf 87' lang='lat' dir='ltr'>senem,</span> <span class='ocrx_word' id='word_1_326' title='bbox 294 2196 326 2245; x_wconf 92' lang='lat' dir='ltr'>qui</span> <span class='ocrx_word' id='word_1_327' title='bbox 336 2196 428 2245; x_wconf 78' lang='lat' dir='ltr'>profecto,</span> <span class='ocrx_word' id='word_1_328' title='bbox 435 2195 451 2231; x_wconf 94' lang='lat' dir='ltr'>si</span> <span class='ocrx_word' id='word_1_329' title='bbox 460 2194 506 2231; x_wconf 91' lang='lat' dir='ltr'>nihil</span> <span class='ocrx_word' id='word_1_330' title='bbox 513 2194 538 2232; x_wconf 88' lang='lat' dir='ltr'>ad</span> <span class='ocrx_word' id='word_1_331' title='bbox 548 2194 691 2244; x_wconf 84' lang='lat' dir='ltr'>percipiendam</span> 
     </span>
     <span class='ocr_line' id='line_1_41' title="bbox 50 2245 726 2300; baseline 0.004 -17"><span class='ocrx_word' id='word_1_332' title='bbox 50 2245 188 2298; x_wconf 83' lang='lat' dir='ltr'>colendamque</span> <span class='ocrx_word' id='word_1_333' title='bbox 198 2247 289 2286; x_wconf 71' lang='lat' dir='ltr'>virtutem</span> <span class='ocrx_word' id='word_1_334' title='bbox 302 2248 361 2286; x_wconf 88' lang='lat' dir='ltr'>literis</span> <span class='ocrx_word' id='word_1_335' title='bbox 371 2248 513 2300; x_wconf 78' lang='lat' dir='ltr'>adjuvarentur,</span> <span class='ocrx_word' id='word_1_336' title='bbox 524 2260 622 2297; x_wconf 85' lang='lat' dir='ltr'>nunquam</span> <span class='ocrx_word' id='word_1_337' title='bbox 635 2259 656 2284; x_wconf 89' lang='lat' dir='ltr'>se</span> <span class='ocrx_word' id='word_1_338' title='bbox 666 2247 691 2284; x_wconf 89' lang='lat' dir='ltr'>ad</span> <span class='ocrx_word' id='word_1_339' title='bbox 700 2253 726 2288; x_wconf 82' lang='lat'>40</span> 
     </span>
     <span class='ocr_line' id='line_1_42' title="bbox 49 2300 690 2347; baseline 0.003 -12"><span class='ocrx_word' id='word_1_340' title='bbox 49 2309 114 2337; x_wconf 88' lang='lat' dir='ltr'>earum</span> <span class='ocrx_word' id='word_1_341' title='bbox 121 2301 206 2339; x_wconf 86' lang='lat' dir='ltr'>studium</span> <span class='ocrx_word' id='word_1_342' title='bbox 217 2302 346 2340; x_wconf 89' lang='lat' dir='ltr'>contulissent.</span> <span class='ocrx_word' id='word_1_343' title='bbox 363 2301 419 2347; x_wconf 76' lang='lat' dir='ltr'>Quod</span> <span class='ocrx_word' id='word_1_344' title='bbox 429 2301 445 2339; x_wconf 89' lang='lat' dir='ltr'>si</span> <span class='ocrx_word' id='word_1_345' title='bbox 454 2313 491 2338; x_wconf 89' lang='lat' dir='ltr'>non</span> <span class='ocrx_word' id='word_1_346' title='bbox 501 2300 532 2337; x_wconf 87' lang='grc'><strong>1116</strong></span> <span class='ocrx_word' id='word_1_347' title='bbox 542 2305 607 2337; x_wconf 89' lang='lat' dir='ltr'>tantus</span> <span class='ocrx_word' id='word_1_348' title='bbox 616 2300 690 2337; x_wconf 85' lang='lat' dir='ltr'>fructus</span> 
     </span>
     <span class='ocr_line' id='line_1_43' title="bbox 49 2353 689 2403; baseline 0.002 -15"><span class='ocrx_word' id='word_1_349' title='bbox 49 2353 182 2391; x_wconf 84' lang='lat' dir='ltr'>ostenderetur</span> <span class='ocrx_word' id='word_1_350' title='bbox 191 2359 211 2391; x_wconf 89' lang='lat' dir='ltr'>et</span> <span class='ocrx_word' id='word_1_351' title='bbox 225 2355 240 2391; x_wconf 91' lang='lat' dir='ltr'>si</span> <span class='ocrx_word' id='word_1_352' title='bbox 254 2367 278 2391; x_wconf 84' lang='lat' dir='ltr'>er</span> <span class='ocrx_word' id='word_1_353' title='bbox 287 2356 316 2392; x_wconf 82' lang='lat' dir='ltr'>liis</span> <span class='ocrx_word' id='word_1_354' title='bbox 331 2355 398 2392; x_wconf 86' lang='lat' dir='ltr'>studiis</span> <span class='ocrx_word' id='word_1_355' title='bbox 413 2354 514 2392; x_wconf 86' lang='lat' dir='ltr'>delectatio</span> <span class='ocrx_word' id='word_1_356' title='bbox 528 2353 569 2391; x_wconf 85' lang='lat' dir='ltr'>sola</span> <span class='ocrx_word' id='word_1_357' title='bbox 586 2358 689 2403; x_wconf 87' lang='lat' dir='ltr'>peteretur,</span> 
     </span>
     <span class='ocr_line' id='line_1_44' title="bbox 49 2406 691 2458; baseline 0.005 -17"><span class='ocrx_word' id='word_1_358' title='bbox 49 2408 118 2451; x_wconf 86' lang='lat' dir='ltr'>tamen,</span> <span class='ocrx_word' id='word_1_359' title='bbox 129 2413 151 2444; x_wconf 90' lang='lat' dir='ltr'>ut</span> <span class='ocrx_word' id='word_1_360' title='bbox 160 2408 232 2457; x_wconf 88' lang='lat' dir='ltr'>opinor,</span> <span class='ocrx_word' id='word_1_361' title='bbox 243 2408 292 2445; x_wconf 88' lang='lat' dir='ltr'>hanc</span> <span class='ocrx_word' id='word_1_362' title='bbox 302 2409 359 2446; x_wconf 84' lang='lat' dir='ltr'>animi</span> <span class='ocrx_word' id='word_1_363' title='bbox 369 2408 378 2458; x_wconf 88' lang='lat'>†</span> <span class='ocrx_word' id='word_1_364' title='bbox 388 2408 519 2446; x_wconf 78' lang='lat' dir='ltr'>adversionem</span> <span class='ocrx_word' id='word_1_365' title='bbox 533 2406 691 2445; x_wconf 83' lang='lat' dir='ltr'>humanissimam</span> 
     </span>
     <span class='ocr_line' id='line_1_45' title="bbox 48 2458 691 2513; baseline 0.006 -18"><span class='ocrx_word' id='word_1_366' title='bbox 48 2469 71 2496; x_wconf 88' lang='lat' dir='ltr'>ao</span> <span class='ocrx_word' id='word_1_367' title='bbox 80 2458 231 2498; x_wconf 87' lang='lat' dir='ltr'>liberalissimam</span> <span class='ocrx_word' id='word_1_368' title='bbox 238 2461 355 2512; x_wconf 82' lang='lat' dir='ltr'>judicaretis.</span> <span class='ocrx_word' id='word_1_369' title='bbox 371 2462 423 2500; x_wconf 88' lang='lat' dir='ltr'>Nam</span> <span class='ocrx_word' id='word_1_370' title='bbox 433 2467 502 2500; x_wconf 86' lang='lat' dir='ltr'>ceterae</span> <span class='ocrx_word' id='word_1_371' title='bbox 512 2472 574 2512; x_wconf 84' lang='lat' dir='ltr'>neque</span> <span class='ocrx_word' id='word_1_372' title='bbox 580 2465 691 2513; x_wconf 90' lang='lat' dir='ltr'>temporum</span> 
     </span>
    </p>

    <p class='ocr_par' dir='ltr' id='par_1_4' title="bbox 358 2515 381 2552">
     <span class='ocr_line' id='line_1_46' title="bbox 358 2515 381 2552; baseline 0 -16"><span class='ocrx_word' id='word_1_373' title='bbox 358 2515 381 2552; x_wconf 73' lang='lat'>9*</span> 
     </span>
    </p>
   </div>
   <div class='ocr_carea' id='block_1_3' title="bbox 808 1974 822 1999">
    <p class='ocr_par' dir='ltr' id='par_1_5' title="bbox 808 1974 822 1999">
     <span class='ocr_line' id='line_1_47' title="bbox 808 1974 822 1999; baseline 0 0"><span class='ocrx_word' id='word_1_374' title='bbox 808 1974 822 1999; x_wconf 68' lang='lat'><em>0</em></span> 
     </span>
    </p>
   </div>
   <div class='ocr_carea' id='block_1_4' title="bbox 0 0 874 2673">
    <p class='ocr_par' dir='ltr' id='par_1_6' title="bbox 0 0 874 2673">
     <span class='ocr_line' id='line_1_48' title="bbox 0 0 874 2673; baseline 0 2"><span class='ocrx_word' id='word_1_375' title='bbox 0 0 874 2673; x_wconf 95' lang='lat' dir='ltr'> </span> 
     </span>
    </p>
   </div>
  </div>
 </body>
</html>
