<?xml version="1.0" encoding="UTF-8"?>
<!DOCTYPE html PUBLIC "-//W3C//DTD XHTML 1.0 Transitional//EN"
    "http://www.w3.org/TR/xhtml1/DTD/xhtml1-transitional.dtd">
<html xmlns="http://www.w3.org/1999/xhtml" xml:lang="en" lang="en">
 <head>
  <title>
</title>
<meta http-equiv="Content-Type" content="text/html;charset=utf-8" />
  <meta name='ocr-system' content='tesseract 3.04.00' />
  <meta name='ocr-capabilities' content='ocr_page ocr_carea ocr_par ocr_line ocrx_word'/>
</head>
<body>
  <div class='ocr_page' id='page_1' title='image "MN40048ucmf_0_0147.png"; bbox 0 0 1738 2673; ppageno 0'>
   <div class='ocr_carea' id='block_1_1' title="bbox 266 10 791 110">
    <p class='ocr_par' dir='ltr' id='par_1_1' title="bbox 266 10 791 110">
     <span class='ocr_line' id='line_1_1' title="bbox 534 10 544 32; baseline 0 0"><span class='ocrx_word' id='word_1_1' title='bbox 534 10 544 32; x_wconf 73' lang='grc'>1</span> 
     </span>
     <span class='ocr_line' id='line_1_2' title="bbox 266 67 791 110; baseline 0.002 -9"><span class='ocrx_word' id='word_1_2' title='bbox 266 75 332 102; x_wconf 78' lang='grc'><strong>11161.</strong></span> <span class='ocrx_word' id='word_1_3' title='bbox 343 75 406 103; x_wconf 74' lang='grc'><strong>116116</strong></span> <span class='ocrx_word' id='word_1_4' title='bbox 417 77 498 110; x_wconf 77' lang='grc'><strong>11116116,</strong></span> <span class='ocrx_word' id='word_1_5' title='bbox 509 77 555 103; x_wconf 75' lang='lat' dir='ltr'>cnr.</span> <span class='ocrx_word' id='word_1_6' title='bbox 565 78 612 103; x_wconf 81' lang='lat' dir='ltr'>xxx.</span> <span class='ocrx_word' id='word_1_7' title='bbox 753 67 791 102; x_wconf 74' lang='lat'>129</span> 
     </span>
    </p>
   </div>
   <div class='ocr_carea' id='block_1_2' title="bbox 103 163 805 2510">
    <p class='ocr_par' dir='ltr' id='par_1_2' title="bbox 103 163 805 2510">
     <span class='ocr_line' id='line_1_3' title="bbox 110 163 754 216; baseline -0.002 -14"><span class='ocrx_word' id='word_1_8' title='bbox 110 163 210 214; x_wconf 78' lang='lat' dir='ltr'>aequaliter</span> <span class='ocrx_word' id='word_1_9' title='bbox 219 168 327 202; x_wconf 88' lang='lat' dir='ltr'>versaretur</span> <span class='ocrx_word' id='word_1_10' title='bbox 336 164 401 203; x_wconf 89' lang='lat' dir='ltr'>odium</span> <span class='ocrx_word' id='word_1_11' title='bbox 415 178 486 203; x_wconf 91' lang='lat' dir='ltr'>meum.</span> <span class='ocrx_word' id='word_1_12' title='bbox 515 165 560 203; x_wconf 86' lang='lat' dir='ltr'>Non</span> <span class='ocrx_word' id='word_1_13' title='bbox 573 169 638 216; x_wconf 87' lang='lat' dir='ltr'>potest</span> <span class='ocrx_word' id='word_1_14' title='bbox 653 163 690 201; x_wconf 86' lang='lat' dir='ltr'>diei</span> <span class='ocrx_word' id='word_1_15' title='bbox 703 163 754 208; x_wconf 83' lang='lat' dir='ltr'>satis,</span> 
     </span>
     <span class='ocr_line' id='line_1_4' title="bbox 109 216 805 269; baseline 0.001 -15"><span class='ocrx_word' id='word_1_16' title='bbox 109 229 133 254; x_wconf 91' lang='lat' dir='ltr'>ue</span> <span class='ocrx_word' id='word_1_17' title='bbox 148 216 228 269; x_wconf 82' lang='lat' dir='ltr'>cogitari</span> <span class='ocrx_word' id='word_1_18' title='bbox 237 216 321 267; x_wconf 84' lang='lat' dir='ltr'>quidem,</span> <span class='ocrx_word' id='word_1_19' title='bbox 332 219 454 269; x_wconf 85' lang='lat' dir='ltr'>quantumin</span> <span class='ocrx_word' id='word_1_20' title='bbox 465 218 497 256; x_wconf 90' lang='lat' dir='ltr'>illo</span> <span class='ocrx_word' id='word_1_21' title='bbox 507 219 589 262; x_wconf 80' lang='lat' dir='ltr'>sceleris,</span> <span class='ocrx_word' id='word_1_22' title='bbox 600 223 694 268; x_wconf 85' lang='lat' dir='ltr'>quantum</span> <span class='ocrx_word' id='word_1_23' title='bbox 703 217 755 255; x_wconf 82' lang='lat' dir='ltr'>exitii</span> <span class='ocrx_word' id='word_1_24' title='bbox 802 222 805 227; x_wconf 88' lang='grc'><em>“</em></span> 
     </span>
     <span class='ocr_line' id='line_1_5' title="bbox 109 270 755 323; baseline 0 -16"><span class='ocrx_word' id='word_1_25' title='bbox 109 270 171 308; x_wconf 90' lang='lat' dir='ltr'>fuerit.</span> <span class='ocrx_word' id='word_1_26' title='bbox 201 270 231 308; x_wconf 79' lang='lat' dir='ltr'>tt.</span> <span class='ocrx_word' id='word_1_27' title='bbox 248 270 297 315; x_wconf 78' lang='lat' dir='ltr'>Quin</span> <span class='ocrx_word' id='word_1_28' title='bbox 312 271 338 309; x_wconf 87' lang='lat' dir='ltr'>sic</span> <span class='ocrx_word' id='word_1_29' title='bbox 356 272 454 316; x_wconf 84' lang='lat' dir='ltr'>attendite,</span> <span class='ocrx_word' id='word_1_30' title='bbox 468 272 549 323; x_wconf 86' lang='lat' dir='ltr'>judices.</span> <span class='ocrx_word' id='word_1_31' title='bbox 578 271 654 322; x_wconf 83' lang='lat' dir='ltr'>Nempe</span> <span class='ocrx_word' id='word_1_32' title='bbox 670 270 711 308; x_wconf 79' lang='lat' dir='ltr'>haee</span> <span class='ocrx_word' id='word_1_33' title='bbox 725 276 755 308; x_wconf 91' lang='lat' dir='ltr'>est</span> 
     </span>
     <span class='ocr_line' id='line_1_6' title="bbox 108 323 754 377; baseline 0.002 -17"><span class='ocrx_word' id='word_1_34' title='bbox 108 324 189 374; x_wconf 80' lang='lat' dir='ltr'>quaestio</span> <span class='ocrx_word' id='word_1_35' title='bbox 200 324 224 361; x_wconf 90' lang='lat' dir='ltr'>de</span> <span class='ocrx_word' id='word_1_36' title='bbox 233 324 311 362; x_wconf 90' lang='lat' dir='ltr'>interitu</span> <span class='ocrx_word' id='word_1_37' title='bbox 325 325 347 363; x_wconf 85' lang='lat' dir='ltr'>P.</span> <span class='ocrx_word' id='word_1_38' title='bbox 359 324 427 363; x_wconf 75' lang='lat' dir='ltr'>Clodii.</span> <span class='ocrx_word' id='word_1_39' title='bbox 455 326 532 377; x_wconf 79' lang='lat' dir='ltr'>Fingite</span> <span class='ocrx_word' id='word_1_40' title='bbox 542 324 608 362; x_wconf 89' lang='lat' dir='ltr'>animis</span> <span class='ocrx_word' id='word_1_41' title='bbox 621 323 694 376; x_wconf 82' lang='lat' dir='ltr'>(liberae</span> <span class='ocrx_word' id='word_1_42' title='bbox 709 329 754 362; x_wconf 89' lang='lat' dir='ltr'>sunt</span> 
     </span>
     <span class='ocr_line' id='line_1_7' title="bbox 108 377 775 429; baseline 0.004 -15"><span class='ocrx_word' id='word_1_43' title='bbox 108 377 159 414; x_wconf 88' lang='lat' dir='ltr'>eninr</span> <span class='ocrx_word' id='word_1_44' title='bbox 168 382 238 415; x_wconf 85' lang='lat' dir='ltr'>nostrae</span> <span class='ocrx_word' id='word_1_45' title='bbox 249 377 372 429; x_wconf 83' lang='lat' dir='ltr'>cogitationes</span> <span class='ocrx_word' id='word_1_46' title='bbox 380 383 404 421; x_wconf 88' lang='lat' dir='ltr'>et,</span> <span class='ocrx_word' id='word_1_47' title='bbox 415 391 458 429; x_wconf 82' lang='lat' dir='ltr'>quae</span> <span class='ocrx_word' id='word_1_48' title='bbox 468 380 540 423; x_wconf 86' lang='lat' dir='ltr'>volunt,</span> <span class='ocrx_word' id='word_1_49' title='bbox 551 379 578 416; x_wconf 89' lang='lat' dir='ltr'>sic</span> <span class='ocrx_word' id='word_1_50' title='bbox 588 379 691 421; x_wconf 74' lang='lat' dir='ltr'><strong>intuentur,</strong></span> <span class='ocrx_word' id='word_1_51' title='bbox 699 382 722 415; x_wconf 89' lang='lat' dir='ltr'>ut</span> <span class='ocrx_word' id='word_1_52' title='bbox 731 390 754 415; x_wconf 83' lang='lat' dir='ltr'>ea</span> <span class='ocrx_word' id='word_1_53' title='bbox 764 383 775 417; x_wconf 86' lang='lat'>5</span> 
     </span>
     <span class='ocr_line' id='line_1_8' title="bbox 108 430 753 484; baseline 0.003 -17"><span class='ocrx_word' id='word_1_54' title='bbox 108 431 206 474; x_wconf 86' lang='lat' dir='ltr'>cernimus,</span> <span class='ocrx_word' id='word_1_55' title='bbox 218 444 262 481; x_wconf 71' lang='lat' dir='ltr'>quae</span> <span class='ocrx_word' id='word_1_56' title='bbox 271 430 372 483; x_wconf 81' lang='lat' dir='ltr'>videmus),</span> <span class='ocrx_word' id='word_1_57' title='bbox 382 432 448 483; x_wconf 79' lang='lat' dir='ltr'>fingite</span> <span class='ocrx_word' id='word_1_58' title='bbox 458 432 517 484; x_wconf 85' lang='lat' dir='ltr'>igitur</span> <span class='ocrx_word' id='word_1_59' title='bbox 527 431 642 483; x_wconf 68' lang='lat' dir='ltr'>cogitatione</span> <span class='ocrx_word' id='word_1_60' title='bbox 651 431 753 482; x_wconf 82' lang='lat' dir='ltr'>imaginem</span> 
     </span>
     <span class='ocr_line' id='line_1_9' title="bbox 107 483 752 536; baseline 0 -15"><span class='ocrx_word' id='word_1_61' title='bbox 107 483 165 534; x_wconf 81' lang='lat' dir='ltr'>hujus</span> <span class='ocrx_word' id='word_1_62' title='bbox 180 484 292 522; x_wconf 86' lang='lat' dir='ltr'>conditionis</span> <span class='ocrx_word' id='word_1_63' title='bbox 301 497 357 529; x_wconf 88' lang='lat' dir='ltr'>meae,</span> <span class='ocrx_word' id='word_1_64' title='bbox 368 485 384 523; x_wconf 91' lang='lat' dir='ltr'>si</span> <span class='ocrx_word' id='word_1_65' title='bbox 400 485 471 536; x_wconf 87' lang='lat' dir='ltr'>possim</span> <span class='ocrx_word' id='word_1_66' title='bbox 485 485 565 529; x_wconf 79' lang='lat' dir='ltr'>efficere,</span> <span class='ocrx_word' id='word_1_67' title='bbox 576 490 598 522; x_wconf 88' lang='lat' dir='ltr'>ut</span> <span class='ocrx_word' id='word_1_68' title='bbox 614 485 704 522; x_wconf 85' lang='lat' dir='ltr'>Milonem</span> <span class='ocrx_word' id='word_1_69' title='bbox 719 485 752 522; x_wconf 87' lang='lat' dir='ltr'>ab·</span> 
     </span>
     <span class='ocr_line' id='line_1_10' title="bbox 107 537 752 583; baseline 0.002 -9"><span class='ocrx_word' id='word_1_70' title='bbox 107 537 191 582; x_wconf 77' lang='lat' dir='ltr'>solvatis,</span> <span class='ocrx_word' id='word_1_71' title='bbox 206 538 240 575; x_wconf 89' lang='lat' dir='ltr'>sed</span> <span class='ocrx_word' id='word_1_72' title='bbox 254 538 287 581; x_wconf 87' lang='lat' dir='ltr'>ita,</span> <span class='ocrx_word' id='word_1_73' title='bbox 298 538 313 575; x_wconf 90' lang='lat' dir='ltr'>si</span> <span class='ocrx_word' id='word_1_74' title='bbox 326 538 348 575; x_wconf 93' lang='lat' dir='ltr'>P.</span> <span class='ocrx_word' id='word_1_75' title='bbox 360 538 438 576; x_wconf 82' lang='lat' dir='ltr'>Clodius</span> <span class='ocrx_word' id='word_1_76' title='bbox 451 539 545 576; x_wconf 74' lang='lat' dir='ltr'>revixerit.</span> <span class='ocrx_word' id='word_1_77' title='bbox 575 538 625 583; x_wconf 79' lang='lat' dir='ltr'>Quid</span> <span class='ocrx_word' id='word_1_78' title='bbox 635 538 690 575; x_wconf 90' lang='lat' dir='ltr'>vultu</span> <span class='ocrx_word' id='word_1_79' title='bbox 705 538 752 575; x_wconf 82' lang='lat' dir='ltr'>exti-</span> 
     </span>
     <span class='ocr_line' id='line_1_11' title="bbox 106 591 751 642; baseline 0 -14"><span class='ocrx_word' id='word_1_80' title='bbox 106 591 196 628; x_wconf 74' lang='lat' dir='ltr'>muistis?</span> <span class='ocrx_word' id='word_1_81' title='bbox 225 591 313 636; x_wconf 76' lang='lat' dir='ltr'>Quonam</span> <span class='ocrx_word' id='word_1_82' title='bbox 322 592 381 629; x_wconf 87' lang='lat' dir='ltr'>modo</span> <span class='ocrx_word' id='word_1_83' title='bbox 393 591 424 629; x_wconf 93' lang='lat' dir='ltr'>ille</span> <span class='ocrx_word' id='word_1_84' title='bbox 434 605 467 629; x_wconf 89' lang='lat' dir='ltr'>vos</span> <span class='ocrx_word' id='word_1_85' title='bbox 477 592 530 630; x_wconf 86' lang='lat' dir='ltr'>vivus</span> <span class='ocrx_word' id='word_1_86' title='bbox 543 593 632 636; x_wconf 86' lang='lat' dir='ltr'>afficeret,</span> <span class='ocrx_word' id='word_1_87' title='bbox 643 604 691 642; x_wconf 86' lang='lat' dir='ltr'>quos</span> <span class='ocrx_word' id='word_1_88' title='bbox 701 604 751 629; x_wconf 89' lang='lat' dir='ltr'>mor-</span> 
     </span>
     <span class='ocr_line' id='line_1_12' title="bbox 106 644 787 696; baseline 0.004 -15"><span class='ocrx_word' id='word_1_89' title='bbox 106 648 151 682; x_wconf 87' lang='lat' dir='ltr'>tuus</span> <span class='ocrx_word' id='word_1_90' title='bbox 160 645 210 682; x_wconf 88' lang='grc'><strong>1116111</strong></span> <span class='ocrx_word' id='word_1_91' title='bbox 220 644 335 696; x_wconf 74' lang='lat' dir='ltr'>cogitatione</span> <span class='ocrx_word' id='word_1_92' title='bbox 346 645 456 696; x_wconf 76' lang='lat' dir='ltr'>percussit?</span> <span class='ocrx_word' id='word_1_93' title='bbox 484 645 552 690; x_wconf 68' lang='lat' dir='ltr'>Quid?</span> <span class='ocrx_word' id='word_1_94' title='bbox 567 646 583 683; x_wconf 92' lang='lat' dir='ltr'>si</span> <span class='ocrx_word' id='word_1_95' title='bbox 596 646 637 696; x_wconf 85' lang='lat' dir='ltr'>ipse</span> <span class='ocrx_word' id='word_1_96' title='bbox 648 645 682 682; x_wconf 79' lang='lat' dir='ltr'>Gn.</span> <span class='ocrx_word' id='word_1_97' title='bbox 693 645 750 683; x_wconf 89' lang='lat' dir='ltr'>Pom·</span> <span class='ocrx_word' id='word_1_98' title='bbox 762 649 787 684; x_wconf 82' lang='lat' dir='ltr'>lo</span> 
     </span>
     <span class='ocr_line' id='line_1_13' title="bbox 105 697 750 749; baseline 0.002 -15"><span class='ocrx_word' id='word_1_99' title='bbox 105 698 166 747; x_wconf 86' lang='lat' dir='ltr'>peius,</span> <span class='ocrx_word' id='word_1_100' title='bbox 177 698 210 748; x_wconf 89' lang='lat' dir='ltr'>qui</span> <span class='ocrx_word' id='word_1_101' title='bbox 219 710 242 736; x_wconf 87' lang='lat' dir='ltr'>ea</span> <span class='ocrx_word' id='word_1_102' title='bbox 252 697 322 735; x_wconf 88' lang='lat' dir='ltr'>virtute</span> <span class='ocrx_word' id='word_1_103' title='bbox 335 710 357 735; x_wconf 87' lang='grc'>66</span> <span class='ocrx_word' id='word_1_104' title='bbox 369 698 447 735; x_wconf 85' lang='lat' dir='ltr'>fortuna</span> <span class='ocrx_word' id='word_1_105' title='bbox 456 702 491 742; x_wconf 88' lang='lat' dir='ltr'>est,</span> <span class='ocrx_word' id='word_1_106' title='bbox 501 703 523 735; x_wconf 88' lang='lat' dir='ltr'>ut</span> <span class='ocrx_word' id='word_1_107' title='bbox 538 711 561 735; x_wconf 87' lang='lat' dir='ltr'>ea</span> <span class='ocrx_word' id='word_1_108' title='bbox 575 699 659 749; x_wconf 85' lang='lat' dir='ltr'>potuerit</span> <span class='ocrx_word' id='word_1_109' title='bbox 668 711 750 749; x_wconf 86' lang='lat' dir='ltr'>semper,</span> 
     </span>
     <span class='ocr_line' id='line_1_14' title="bbox 106 750 750 802; baseline 0.002 -15"><span class='ocrx_word' id='word_1_110' title='bbox 106 763 149 801; x_wconf 82' lang='lat' dir='ltr'>quae</span> <span class='ocrx_word' id='word_1_111' title='bbox 160 764 216 789; x_wconf 89' lang='lat' dir='ltr'>nemo</span> <span class='ocrx_word' id='word_1_112' title='bbox 226 756 298 802; x_wconf 86' lang='lat' dir='ltr'>praeter</span> <span class='ocrx_word' id='word_1_113' title='bbox 307 750 367 795; x_wconf 88' lang='lat' dir='ltr'>illum,</span> <span class='ocrx_word' id='word_1_114' title='bbox 378 751 393 788; x_wconf 91' lang='lat' dir='ltr'>si</span> <span class='ocrx_word' id='word_1_115' title='bbox 404 751 425 795; x_wconf 81' lang='lat' dir='ltr'>is,</span> <span class='ocrx_word' id='word_1_116' title='bbox 436 751 750 802; x_wconf 70' lang='grc' dir='ltr'><strong>1111166111116111166616111116616ῐί-</strong></span> 
     </span>
     <span class='ocr_line' id='line_1_15' title="bbox 105 803 750 854; baseline 0 -13"><span class='ocrx_word' id='word_1_117' title='bbox 105 816 161 841; x_wconf 89' lang='lat' dir='ltr'>onem</span> <span class='ocrx_word' id='word_1_118' title='bbox 172 804 196 842; x_wconf 93' lang='lat' dir='ltr'>de</span> <span class='ocrx_word' id='word_1_119' title='bbox 206 809 268 842; x_wconf 90' lang='lat' dir='ltr'>morte</span> <span class='ocrx_word' id='word_1_120' title='bbox 278 804 300 842; x_wconf 87' lang='lat' dir='ltr'>P.</span> <span class='ocrx_word' id='word_1_121' title='bbox 310 803 371 842; x_wconf 76' lang='lat' dir='ltr'>Clodii</span> <span class='ocrx_word' id='word_1_122' title='bbox 381 804 431 842; x_wconf 88' lang='lat' dir='ltr'>ferre</span> <span class='ocrx_word' id='word_1_123' title='bbox 438 811 472 841; x_wconf 84' lang='lat' dir='ltr'>aut</span> <span class='ocrx_word' id='word_1_124' title='bbox 482 804 545 854; x_wconf 89' lang='lat' dir='ltr'>ipsum</span> <span class='ocrx_word' id='word_1_125' title='bbox 555 805 579 842; x_wconf 88' lang='lat' dir='ltr'>ab</span> <span class='ocrx_word' id='word_1_126' title='bbox 589 804 652 843; x_wconf 87' lang='lat' dir='ltr'>inferis</span> <span class='ocrx_word' id='word_1_127' title='bbox 661 805 750 849; x_wconf 79' lang='lat' dir='ltr'>excitare,</span> 
     </span>
     <span class='ocr_line' id='line_1_16' title="bbox 104 857 751 910; baseline 0.003 -17"><span class='ocrx_word' id='word_1_128' title='bbox 104 862 170 895; x_wconf 87' lang='lat' dir='ltr'>utrum</span> <span class='ocrx_word' id='word_1_129' title='bbox 187 858 259 909; x_wconf 87' lang='lat' dir='ltr'>putatis</span> <span class='ocrx_word' id='word_1_130' title='bbox 276 857 340 908; x_wconf 91' lang='lat' dir='ltr'>potius</span> <span class='ocrx_word' id='word_1_131' title='bbox 356 858 452 895; x_wconf 86' lang='lat' dir='ltr'>facturum</span> <span class='ocrx_word' id='word_1_132' title='bbox 468 858 542 895; x_wconf 76' lang='lat' dir='ltr'>fuisse?</span> <span class='ocrx_word' id='word_1_133' title='bbox 574 858 654 895; x_wconf 81' lang='lat' dir='ltr'>Etiamsi</span> <span class='ocrx_word' id='word_1_134' title='bbox 671 863 751 910; x_wconf 90' lang='lat' dir='ltr'>propter</span> 
     </span>
     <span class='ocr_line' id='line_1_17' title="bbox 105 910 784 962; baseline 0.006 -16"><span class='ocrx_word' id='word_1_135' title='bbox 105 910 207 949; x_wconf 87' lang='lat' dir='ltr'>amicitiam</span> <span class='ocrx_word' id='word_1_136' title='bbox 221 910 279 949; x_wconf 85' lang='lat' dir='ltr'>vellet</span> <span class='ocrx_word' id='word_1_137' title='bbox 293 910 346 949; x_wconf 87' lang='lat' dir='ltr'>illum</span> <span class='ocrx_word' id='word_1_138' title='bbox 356 911 380 949; x_wconf 90' lang='lat' dir='ltr'>ab</span> <span class='ocrx_word' id='word_1_139' title='bbox 394 911 458 948; x_wconf 88' lang='lat' dir='ltr'>inferis</span> <span class='ocrx_word' id='word_1_140' title='bbox 468 923 554 955; x_wconf 87' lang='lat' dir='ltr'>evocare,</span> <span class='ocrx_word' id='word_1_141' title='bbox 565 916 644 962; x_wconf 88' lang='lat' dir='ltr'>propter</span> <span class='ocrx_word' id='word_1_142' title='bbox 659 924 700 949; x_wconf 86' lang='lat' dir='ltr'>rem</span> <span class='ocrx_word' id='word_1_143' title='bbox 714 924 749 962; x_wconf 89' lang='lat' dir='ltr'>pu·</span> <span class='ocrx_word' id='word_1_144' title='bbox 760 915 784 950; x_wconf 87' lang='lat'>15</span> 
     </span>
     <span class='ocr_line' id='line_1_18' title="bbox 105 963 748 1016; baseline 0.002 -15"><span class='ocrx_word' id='word_1_145' title='bbox 105 963 174 1001; x_wconf 88' lang='lat' dir='ltr'>blicam</span> <span class='ocrx_word' id='word_1_146' title='bbox 190 977 228 1002; x_wconf 91' lang='lat' dir='ltr'>non</span> <span class='ocrx_word' id='word_1_147' title='bbox 244 965 325 1002; x_wconf 82' lang='lat' dir='ltr'>fecisset.</span> <span class='ocrx_word' id='word_1_148' title='bbox 361 965 409 1015; x_wconf 87' lang='lat' dir='ltr'>Ejus</span> <span class='ocrx_word' id='word_1_149' title='bbox 426 965 484 1016; x_wconf 79' lang='lat' dir='ltr'>igitur</span> <span class='ocrx_word' id='word_1_150' title='bbox 499 965 566 1002; x_wconf 88' lang='lat' dir='ltr'>mortis</span> <span class='ocrx_word' id='word_1_151' title='bbox 583 965 653 1003; x_wconf 86' lang='lat' dir='ltr'>sedetis</span> <span class='ocrx_word' id='word_1_152' title='bbox 670 966 748 1009; x_wconf 88' lang='lat' dir='ltr'>ultores,</span> 
     </span>
     <span class='ocr_line' id='line_1_19' title="bbox 105 1017 749 1068; baseline 0.003 -14"><span class='ocrx_word' id='word_1_153' title='bbox 105 1018 160 1067; x_wconf 83' lang='lat' dir='ltr'>cujus</span> <span class='ocrx_word' id='word_1_154' title='bbox 170 1018 228 1055; x_wconf 87' lang='lat' dir='ltr'>vitam</span> <span class='ocrx_word' id='word_1_155' title='bbox 242 1017 257 1055; x_wconf 91' lang='lat' dir='ltr'>si</span> <span class='ocrx_word' id='word_1_156' title='bbox 267 1018 339 1068; x_wconf 87' lang='lat' dir='ltr'>putetis</span> <span class='ocrx_word' id='word_1_157' title='bbox 353 1030 431 1068; x_wconf 81' lang='lat' dir='ltr'>perros</span> <span class='ocrx_word' id='word_1_158' title='bbox 442 1018 516 1055; x_wconf 89' lang='lat' dir='ltr'>restitui</span> <span class='ocrx_word' id='word_1_159' title='bbox 531 1031 594 1068; x_wconf 88' lang='lat' dir='ltr'>posse,</span> <span class='ocrx_word' id='word_1_160' title='bbox 609 1018 677 1063; x_wconf 80' lang='lat' dir='ltr'>nolitis,</span> <span class='ocrx_word' id='word_1_161' title='bbox 688 1024 708 1056; x_wconf 85' lang='lat' dir='ltr'>et</span> <span class='ocrx_word' id='word_1_162' title='bbox 725 1017 749 1055; x_wconf 85' lang='lat' dir='ltr'>de</span> 
     </span>
     <span class='ocr_line' id='line_1_20' title="bbox 105 1070 749 1123; baseline 0 -15"><span class='ocrx_word' id='word_1_163' title='bbox 105 1070 146 1122; x_wconf 89' lang='lat' dir='ltr'>ejus</span> <span class='ocrx_word' id='word_1_164' title='bbox 163 1084 209 1109; x_wconf 91' lang='lat' dir='ltr'>nece</span> <span class='ocrx_word' id='word_1_165' title='bbox 218 1071 258 1109; x_wconf 81' lang='lat' dir='ltr'>lata</span> <span class='ocrx_word' id='word_1_166' title='bbox 273 1071 353 1122; x_wconf 83' lang='lat' dir='ltr'>quaestio</span> <span class='ocrx_word' id='word_1_167' title='bbox 370 1071 447 1122; x_wconf 78' lang='lat' dir='ltr'>estqui</span> <span class='ocrx_word' id='word_1_168' title='bbox 462 1071 478 1108; x_wconf 90' lang='lat' dir='ltr'>si</span> <span class='ocrx_word' id='word_1_169' title='bbox 494 1070 562 1108; x_wconf 85' lang='grc'><strong>6611616</strong></span> <span class='ocrx_word' id='word_1_170' title='bbox 577 1072 621 1123; x_wconf 79' lang='lat' dir='ltr'>lege</span> <span class='ocrx_word' id='word_1_171' title='bbox 637 1071 749 1109; x_wconf 70' lang='lat' dir='ltr'>reviviscere</span> 
     </span>
     <span class='ocr_line' id='line_1_21' title="bbox 104 1124 750 1176; baseline -0.002 -14"><span class='ocrx_word' id='word_1_172' title='bbox 104 1131 176 1176; x_wconf 84' lang='lat' dir='ltr'>posset,</span> <span class='ocrx_word' id='word_1_173' title='bbox 187 1125 225 1162; x_wconf 82' lang='lat' dir='ltr'>lata</span> <span class='ocrx_word' id='word_1_174' title='bbox 235 1125 266 1162; x_wconf 84' lang='grc'><strong>1611</strong></span> <span class='ocrx_word' id='word_1_175' title='bbox 275 1137 372 1174; x_wconf 83' lang='lat' dir='ltr'>nunquam</span> <span class='ocrx_word' id='word_1_176' title='bbox 388 1130 443 1162; x_wconf 87' lang='lat' dir='ltr'>esset.</span> <span class='ocrx_word' id='word_1_177' title='bbox 472 1124 536 1175; x_wconf 86' lang='lat' dir='ltr'>Hujus</span> <span class='ocrx_word' id='word_1_178' title='bbox 547 1137 592 1176; x_wconf 82' lang='lat' dir='ltr'>ergo</span> <span class='ocrx_word' id='word_1_179' title='bbox 610 1125 720 1163; x_wconf 82' lang='lat' dir='ltr'>interfector</span> <span class='ocrx_word' id='word_1_180' title='bbox 734 1124 750 1162; x_wconf 89' lang='lat' dir='ltr'>si</span> 
     </span>
     <span class='ocr_line' id='line_1_22' title="bbox 105 1177 785 1228; baseline 0 -13"><span class='ocrx_word' id='word_1_181' title='bbox 105 1183 161 1222; x_wconf 83' lang='lat' dir='ltr'>esset,</span> <span class='ocrx_word' id='word_1_182' title='bbox 172 1179 191 1215; x_wconf 92' lang='lat' dir='ltr'>in</span> <span class='ocrx_word' id='word_1_183' title='bbox 201 1177 309 1215; x_wconf 87' lang='lat' dir='ltr'>confitendo</span> <span class='ocrx_word' id='word_1_184' title='bbox 318 1178 343 1215; x_wconf 87' lang='lat' dir='ltr'>ab</span> <span class='ocrx_word' id='word_1_185' title='bbox 357 1177 403 1214; x_wconf 91' lang='lat' dir='ltr'>iisne</span> <span class='ocrx_word' id='word_1_186' title='bbox 413 1190 490 1228; x_wconf 88' lang='lat' dir='ltr'>poenam</span> <span class='ocrx_word' id='word_1_187' title='bbox 503 1177 583 1221; x_wconf 87' lang='lat' dir='ltr'>timeret,</span> <span class='ocrx_word' id='word_1_188' title='bbox 594 1191 642 1228; x_wconf 85' lang='lat' dir='ltr'>quos</span> <span class='ocrx_word' id='word_1_189' title='bbox 652 1178 748 1216; x_wconf 81' lang='lat' dir='ltr'>liberavis-</span> <span class='ocrx_word' id='word_1_190' title='bbox 759 1181 785 1215; x_wconf 71' lang='lat'>20</span> 
     </span>
     <span class='ocr_line' id='line_1_23' title="bbox 105 1230 748 1275; baseline -0.002 -6"><span class='ocrx_word' id='word_1_191' title='bbox 105 1233 150 1269; x_wconf 74' lang='lat' dir='ltr'>set?</span> <span class='ocrx_word' id='word_1_192' title='bbox 176 1236 207 1270; x_wconf 82' lang='lat'>80.</span> <span class='ocrx_word' id='word_1_193' title='bbox 224 1230 286 1269; x_wconf 78' lang='grc'><strong>[111661</strong></span> <span class='ocrx_word' id='word_1_194' title='bbox 296 1231 382 1268; x_wconf 84' lang='grc'><strong>1161111666</strong></span> <span class='ocrx_word' id='word_1_195' title='bbox 392 1230 471 1268; x_wconf 87' lang='lat' dir='ltr'>deorum</span> <span class='ocrx_word' id='word_1_196' title='bbox 482 1230 563 1268; x_wconf 89' lang='lat' dir='ltr'>honores</span> <span class='ocrx_word' id='word_1_197' title='bbox 574 1231 659 1269; x_wconf 82' lang='lat' dir='ltr'>tribuunt</span> <span class='ocrx_word' id='word_1_198' title='bbox 669 1231 690 1269; x_wconf 92' lang='lat' dir='ltr'>iis</span> <span class='ocrx_word' id='word_1_199' title='bbox 698 1231 748 1275; x_wconf 84' lang='lat' dir='ltr'>viris,</span> 
     </span>
     <span class='ocr_line' id='line_1_24' title="bbox 104 1284 749 1336; baseline 0 -14"><span class='ocrx_word' id='word_1_200' title='bbox 104 1285 137 1336; x_wconf 90' lang='lat' dir='ltr'>qni</span> <span class='ocrx_word' id='word_1_201' title='bbox 146 1290 238 1335; x_wconf 77' lang='lat' dir='ltr'>tyrannos</span> <span class='ocrx_word' id='word_1_202' title='bbox 247 1290 368 1323; x_wconf 85' lang='lat' dir='ltr'>necaverunt.</span> <span class='ocrx_word' id='word_1_203' title='bbox 391 1284 439 1330; x_wconf 65' lang='lat' dir='ltr'>Quae</span> <span class='ocrx_word' id='word_1_204' title='bbox 450 1297 486 1336; x_wconf 81' lang='lat' dir='ltr'>ego</span> <span class='ocrx_word' id='word_1_205' title='bbox 494 1284 533 1321; x_wconf 85' lang='lat' dir='ltr'>vidi</span> <span class='ocrx_word' id='word_1_206' title='bbox 543 1284 641 1322; x_wconf 80' lang='lat' dir='ltr'>Athenis?</span> <span class='ocrx_word' id='word_1_207' title='bbox 656 1298 699 1336; x_wconf 79' lang='lat' dir='ltr'>quae</span> <span class='ocrx_word' id='word_1_208' title='bbox 709 1284 749 1322; x_wconf 90' lang='lat' dir='ltr'>aliis</span> 
     </span>
     <span class='ocr_line' id='line_1_25' title="bbox 104 1337 748 1389; baseline 0 -13"><span class='ocrx_word' id='word_1_209' title='bbox 104 1338 123 1376; x_wconf 88' lang='lat' dir='ltr'>in</span> <span class='ocrx_word' id='word_1_210' title='bbox 132 1339 212 1377; x_wconf 85' lang='lat' dir='ltr'>urbibus</span> <span class='ocrx_word' id='word_1_211' title='bbox 220 1339 313 1377; x_wconf 77' lang='lat' dir='ltr'>eraeciaet</span> <span class='ocrx_word' id='word_1_212' title='bbox 328 1350 375 1389; x_wconf 85' lang='lat' dir='ltr'>quas</span> <span class='ocrx_word' id='word_1_213' title='bbox 385 1350 415 1376; x_wconf 89' lang='lat' dir='ltr'>res</span> <span class='ocrx_word' id='word_1_214' title='bbox 423 1338 495 1376; x_wconf 85' lang='lat' dir='ltr'>divinas</span> <span class='ocrx_word' id='word_1_215' title='bbox 505 1337 576 1376; x_wconf 81' lang='lat' dir='ltr'>talibus</span> <span class='ocrx_word' id='word_1_216' title='bbox 586 1338 682 1376; x_wconf 83' lang='lat' dir='ltr'>institutas</span> <span class='ocrx_word' id='word_1_217' title='bbox 690 1338 748 1377; x_wconf 76' lang='lat' dir='ltr'>viris?</span> 
     </span>
     <span class='ocr_line' id='line_1_26' title="bbox 104 1391 748 1443; baseline 0.002 -14"><span class='ocrx_word' id='word_1_218' title='bbox 104 1404 152 1442; x_wconf 89' lang='lat' dir='ltr'>quos</span> <span class='ocrx_word' id='word_1_219' title='bbox 168 1393 251 1430; x_wconf 75' lang='lat' dir='ltr'>cantus?</span> <span class='ocrx_word' id='word_1_220' title='bbox 266 1404 309 1442; x_wconf 82' lang='lat' dir='ltr'>quae</span> <span class='ocrx_word' id='word_1_221' title='bbox 324 1392 422 1430; x_wconf 75' lang='grc'><strong>6611111661</strong></span> <span class='ocrx_word' id='word_1_222' title='bbox 450 1391 514 1443; x_wconf 89' lang='lat' dir='ltr'>Prope</span> <span class='ocrx_word' id='word_1_223' title='bbox 528 1391 553 1429; x_wconf 86' lang='lat' dir='ltr'>ad</span> <span class='ocrx_word' id='word_1_224' title='bbox 567 1392 714 1431; x_wconf 86' lang='lat' dir='ltr'>immortalitatis</span> <span class='ocrx_word' id='word_1_225' title='bbox 729 1396 748 1430; x_wconf 85' lang='lat' dir='ltr'>et</span> 
     </span>
     <span class='ocr_line' id='line_1_27' title="bbox 104 1445 783 1496; baseline 0.001 -14"><span class='ocrx_word' id='word_1_226' title='bbox 104 1445 215 1496; x_wconf 77' lang='lat' dir='ltr'>religionem</span> <span class='ocrx_word' id='word_1_227' title='bbox 225 1451 244 1483; x_wconf 92' lang='lat' dir='ltr'>et</span> <span class='ocrx_word' id='word_1_228' title='bbox 254 1445 364 1483; x_wconf 88' lang='lat' dir='ltr'>memoriam</span> <span class='ocrx_word' id='word_1_229' title='bbox 372 1450 512 1482; x_wconf 84' lang='lat' dir='ltr'>consecrantur.</span> <span class='ocrx_word' id='word_1_230' title='bbox 541 1445 582 1482; x_wconf 85' lang='lat' dir='ltr'>Vos</span> <span class='ocrx_word' id='word_1_231' title='bbox 592 1445 640 1482; x_wconf 85' lang='lat' dir='ltr'>tanti</span> <span class='ocrx_word' id='word_1_232' title='bbox 650 1458 748 1483; x_wconf 85' lang='lat' dir='ltr'>conserva·</span> <span class='ocrx_word' id='word_1_233' title='bbox 759 1449 783 1483; x_wconf 84' lang='lat'>25</span> 
     </span>
     <span class='ocr_line' id='line_1_28' title="bbox 104 1497 748 1551; baseline 0 -15"><span class='ocrx_word' id='word_1_234' title='bbox 104 1503 167 1537; x_wconf 88' lang='lat' dir='ltr'>torem</span> <span class='ocrx_word' id='word_1_235' title='bbox 184 1499 256 1551; x_wconf 84' lang='lat' dir='ltr'>populi,</span> <span class='ocrx_word' id='word_1_236' title='bbox 270 1498 318 1537; x_wconf 86' lang='lat' dir='ltr'>tanti</span> <span class='ocrx_word' id='word_1_237' title='bbox 332 1498 407 1536; x_wconf 83' lang='lat' dir='ltr'>sceleris</span> <span class='ocrx_word' id='word_1_238' title='bbox 421 1498 503 1536; x_wconf 87' lang='lat' dir='ltr'>ultorem</span> <span class='ocrx_word' id='word_1_239' title='bbox 516 1510 554 1534; x_wconf 90' lang='lat' dir='ltr'>non</span> <span class='ocrx_word' id='word_1_240' title='bbox 569 1497 628 1535; x_wconf 88' lang='lat' dir='ltr'>modo</span> <span class='ocrx_word' id='word_1_241' title='bbox 644 1498 748 1536; x_wconf 85' lang='lat' dir='ltr'>honoribus</span> 
     </span>
     <span class='ocr_line' id='line_1_29' title="bbox 104 1551 747 1603; baseline 0.002 -15"><span class='ocrx_word' id='word_1_242' title='bbox 104 1553 160 1590; x_wconf 88' lang='lat' dir='ltr'>nullis</span> <span class='ocrx_word' id='word_1_243' title='bbox 177 1552 268 1596; x_wconf 87' lang='lat' dir='ltr'>afficietis,</span> <span class='ocrx_word' id='word_1_244' title='bbox 283 1552 317 1590; x_wconf 88' lang='lat' dir='ltr'>sed</span> <span class='ocrx_word' id='word_1_245' title='bbox 333 1552 390 1590; x_wconf 84' lang='lat' dir='ltr'>etiam</span> <span class='ocrx_word' id='word_1_246' title='bbox 406 1552 431 1589; x_wconf 82' lang='lat' dir='ltr'>ad</span> <span class='ocrx_word' id='word_1_247' title='bbox 448 1551 563 1602; x_wconf 89' lang='lat' dir='ltr'>supplicium</span> <span class='ocrx_word' id='word_1_248' title='bbox 577 1551 619 1603; x_wconf 86' lang='lat' dir='ltr'>rapi</span> <span class='ocrx_word' id='word_1_249' title='bbox 634 1552 747 1603; x_wconf 74' lang='lat' dir='ltr'>patiemini?</span> 
     </span>
     <span class='ocr_line' id='line_1_30' title="bbox 106 1604 748 1657; baseline -0.002 -14"><span class='ocrx_word' id='word_1_250' title='bbox 106 1605 238 1650; x_wconf 83' lang='lat' dir='ltr'>Oonfiteretur,</span> <span class='ocrx_word' id='word_1_251' title='bbox 256 1606 384 1649; x_wconf 83' lang='lat' dir='ltr'>eonfiteretur,</span> <span class='ocrx_word' id='word_1_252' title='bbox 402 1605 484 1655; x_wconf 85' lang='lat' dir='ltr'>inquam,</span> <span class='ocrx_word' id='word_1_253' title='bbox 502 1604 517 1642; x_wconf 88' lang='lat' dir='ltr'>si</span> <span class='ocrx_word' id='word_1_254' title='bbox 536 1605 618 1648; x_wconf 82' lang='lat' dir='ltr'>fecisset,</span> <span class='ocrx_word' id='word_1_255' title='bbox 639 1611 658 1642; x_wconf 93' lang='lat' dir='ltr'>et</span> <span class='ocrx_word' id='word_1_256' title='bbox 677 1618 748 1657; x_wconf 80' lang='lat' dir='ltr'>magno</span> 
     </span>
     <span class='ocr_line' id='line_1_31' title="bbox 105 1657 748 1709; baseline 0.002 -14"><span class='ocrx_word' id='word_1_257' title='bbox 105 1659 167 1697; x_wconf 85' lang='lat' dir='ltr'>animo</span> <span class='ocrx_word' id='word_1_258' title='bbox 177 1663 196 1697; x_wconf 88' lang='lat' dir='ltr'>et</span> <span class='ocrx_word' id='word_1_259' title='bbox 213 1659 289 1703; x_wconf 86' lang='lat' dir='ltr'>libente,</span> <span class='ocrx_word' id='word_1_260' title='bbox 300 1659 367 1696; x_wconf 88' lang='lat' dir='ltr'>fecisse</span> <span class='ocrx_word' id='word_1_261' title='bbox 383 1671 404 1695; x_wconf 91' lang='lat' dir='ltr'>se</span> <span class='ocrx_word' id='word_1_262' title='bbox 417 1658 510 1696; x_wconf 82' lang='lat' dir='ltr'>libertatis</span> <span class='ocrx_word' id='word_1_263' title='bbox 525 1658 609 1695; x_wconf 89' lang='lat' dir='ltr'>omnium</span> <span class='ocrx_word' id='word_1_264' title='bbox 621 1671 685 1702; x_wconf 84' lang='lat' dir='ltr'>causa,</span> <span class='ocrx_word' id='word_1_265' title='bbox 696 1657 748 1709; x_wconf 85' lang='lat' dir='ltr'>quod</span> 
     </span>
     <span class='ocr_line' id='line_1_32' title="bbox 105 1711 784 1763; baseline 0 -13"><span class='ocrx_word' id='word_1_266' title='bbox 105 1718 155 1750; x_wconf 86' lang='lat' dir='ltr'>esset</span> <span class='ocrx_word' id='word_1_267' title='bbox 164 1713 182 1750; x_wconf 90' lang='lat' dir='ltr'>ei</span> <span class='ocrx_word' id='word_1_268' title='bbox 190 1726 229 1751; x_wconf 90' lang='lat' dir='ltr'>non</span> <span class='ocrx_word' id='word_1_269' title='bbox 238 1712 367 1750; x_wconf 85' lang='lat' dir='ltr'>confitendum</span> <span class='ocrx_word' id='word_1_270' title='bbox 376 1712 440 1756; x_wconf 88' lang='lat' dir='ltr'>modo,</span> <span class='ocrx_word' id='word_1_271' title='bbox 451 1724 517 1749; x_wconf 88' lang='lat' dir='ltr'>verum</span> <span class='ocrx_word' id='word_1_272' title='bbox 527 1711 585 1749; x_wconf 87' lang='lat' dir='ltr'>etiam</span> <span class='ocrx_word' id='word_1_273' title='bbox 596 1712 747 1763; x_wconf 81' lang='lat' dir='ltr'>praedicandum.</span> <span class='ocrx_word' id='word_1_274' title='bbox 758 1716 784 1750; x_wconf 85' lang='lat'>30</span> 
     </span>
     <span class='ocr_line' id='line_1_33' title="bbox 131 1765 747 1816; baseline -0.002 -13"><span class='ocrx_word' id='word_1_275' title='bbox 131 1766 191 1804; x_wconf 80' lang='lat' dir='ltr'>XXX.</span> <span class='ocrx_word' id='word_1_276' title='bbox 221 1770 252 1805; x_wconf 81' lang='lat' dir='ltr'>et.</span> <span class='ocrx_word' id='word_1_277' title='bbox 267 1765 349 1809; x_wconf 82' lang='lat' dir='ltr'>Etenim,</span> <span class='ocrx_word' id='word_1_278' title='bbox 359 1765 375 1802; x_wconf 87' lang='lat' dir='ltr'>si</span> <span class='ocrx_word' id='word_1_279' title='bbox 389 1765 408 1802; x_wconf 92' lang='lat' dir='ltr'>id</span> <span class='ocrx_word' id='word_1_280' title='bbox 422 1777 460 1802; x_wconf 91' lang='lat' dir='ltr'>non</span> <span class='ocrx_word' id='word_1_281' title='bbox 469 1769 568 1816; x_wconf 68' lang='lat' dir='ltr'>negatex</span> <span class='ocrx_word' id='word_1_282' title='bbox 580 1778 618 1816; x_wconf 84' lang='grc'><strong>11116</strong></span> <span class='ocrx_word' id='word_1_283' title='bbox 632 1765 678 1803; x_wconf 83' lang='grc'><strong>1111111</strong></span> <span class='ocrx_word' id='word_1_284' title='bbox 693 1765 747 1816; x_wconf 88' lang='lat' dir='ltr'>petit,</span> 
     </span>
     <span class='ocr_line' id='line_1_34' title="bbox 104 1818 748 1871; baseline 0.002 -16"><span class='ocrx_word' id='word_1_285' title='bbox 104 1818 139 1856; x_wconf 89' lang='lat' dir='ltr'>nisi</span> <span class='ocrx_word' id='word_1_286' title='bbox 148 1824 171 1856; x_wconf 90' lang='lat' dir='ltr'>ut</span> <span class='ocrx_word' id='word_1_287' title='bbox 180 1819 296 1871; x_wconf 76' lang='lat' dir='ltr'>ignoscetur,</span> <span class='ocrx_word' id='word_1_288' title='bbox 307 1818 404 1857; x_wconf 80' lang='lat' dir='ltr'>dubitaret</span> <span class='ocrx_word' id='word_1_289' title='bbox 413 1818 433 1856; x_wconf 93' lang='lat' dir='ltr'>id</span> <span class='ocrx_word' id='word_1_290' title='bbox 447 1818 508 1861; x_wconf 84' lang='lat' dir='ltr'>fateri,</span> <span class='ocrx_word' id='word_1_291' title='bbox 519 1831 542 1855; x_wconf 83' lang='lat' dir='ltr'>er</span> <span class='ocrx_word' id='word_1_292' title='bbox 552 1831 590 1869; x_wconf 90' lang='lat' dir='ltr'>quo</span> <span class='ocrx_word' id='word_1_293' title='bbox 600 1819 657 1856; x_wconf 80' lang='lat' dir='ltr'>etiunr</span> <span class='ocrx_word' id='word_1_294' title='bbox 668 1819 748 1870; x_wconf 84' lang='lat' dir='ltr'>praemia</span> 
     </span>
     <span class='ocr_line' id='line_1_35' title="bbox 104 1871 747 1923; baseline 0.003 -15"><span class='ocrx_word' id='word_1_295' title='bbox 104 1871 166 1911; x_wconf 83' lang='lat' dir='ltr'>laudis</span> <span class='ocrx_word' id='word_1_296' title='bbox 180 1876 245 1910; x_wconf 86' lang='lat' dir='ltr'>essent</span> <span class='ocrx_word' id='word_1_297' title='bbox 259 1872 357 1923; x_wconf 75' lang='lat' dir='ltr'>petenda-‘l</span> <span class='ocrx_word' id='word_1_298' title='bbox 372 1871 407 1909; x_wconf 89' lang='lat' dir='ltr'>nisi</span> <span class='ocrx_word' id='word_1_299' title='bbox 416 1884 462 1909; x_wconf 85' lang='lat' dir='ltr'>vero</span> <span class='ocrx_word' id='word_1_300' title='bbox 476 1871 550 1922; x_wconf 84' lang='lat' dir='ltr'>grat-ius</span> <span class='ocrx_word' id='word_1_301' title='bbox 565 1876 621 1923; x_wconf 87' lang='lat' dir='ltr'>putat</span> <span class='ocrx_word' id='word_1_302' title='bbox 635 1884 678 1910; x_wconf 84' lang='lat' dir='ltr'>esse</span> <span class='ocrx_word' id='word_1_303' title='bbox 687 1872 747 1916; x_wconf 88' lang='lat' dir='ltr'>vobis,</span> 
     </span>
     <span class='ocr_line' id='line_1_36' title="bbox 104 1924 748 1978; baseline 0.002 -16"><span class='ocrx_word' id='word_1_304' title='bbox 104 1925 133 1963; x_wconf 87' lang='lat' dir='ltr'>sui</span> <span class='ocrx_word' id='word_1_305' title='bbox 143 1939 163 1964; x_wconf 90' lang='lat' dir='ltr'>se</span> <span class='ocrx_word' id='word_1_306' title='bbox 172 1926 239 1978; x_wconf 84' lang='lat' dir='ltr'>eapitis</span> <span class='ocrx_word' id='word_1_307' title='bbox 249 1938 307 1977; x_wconf 83' lang='lat' dir='ltr'>quam</span> <span class='ocrx_word' id='word_1_308' title='bbox 314 1925 373 1963; x_wconf 84' lang='lat' dir='ltr'>vestri</span> <span class='ocrx_word' id='word_1_309' title='bbox 382 1924 502 1963; x_wconf 83' lang='lat' dir='ltr'>defensorem</span> <span class='ocrx_word' id='word_1_310' title='bbox 512 1924 581 1971; x_wconf 76' lang='lat' dir='ltr'>fuisse3</span> <span class='ocrx_word' id='word_1_311' title='bbox 597 1938 657 1976; x_wconf 88' lang='lat' dir='ltr'>quum</span> <span class='ocrx_word' id='word_1_312' title='bbox 667 1938 748 1977; x_wconf 76' lang='grc'><strong>11116661-</strong></span> 
     </span>
     <span class='ocr_line' id='line_1_37' title="bbox 104 1978 783 2031; baseline 0.006 -16"><span class='ocrx_word' id='word_1_313' title='bbox 104 1979 138 2016; x_wconf 89' lang='lat' dir='ltr'>tim</span> <span class='ocrx_word' id='word_1_314' title='bbox 152 1981 172 2018; x_wconf 88' lang='lat' dir='ltr'>in</span> <span class='ocrx_word' id='word_1_315' title='bbox 188 1993 211 2018; x_wconf 84' lang='lat' dir='ltr'>ea</span> <span class='ocrx_word' id='word_1_316' title='bbox 225 1980 348 2024; x_wconf 85' lang='lat' dir='ltr'>confessione,</span> <span class='ocrx_word' id='word_1_317' title='bbox 358 1978 375 2017; x_wconf 92' lang='lat' dir='ltr'>si</span> <span class='ocrx_word' id='word_1_318' title='bbox 390 1979 441 2031; x_wconf 86' lang='lat' dir='ltr'>grati</span> <span class='ocrx_word' id='word_1_319' title='bbox 455 1992 497 2016; x_wconf 88' lang='lat' dir='ltr'>esse</span> <span class='ocrx_word' id='word_1_320' title='bbox 506 1979 586 2024; x_wconf 85' lang='lat' dir='ltr'>velletis,</span> <span class='ocrx_word' id='word_1_321' title='bbox 601 1980 683 2018; x_wconf 91' lang='lat' dir='ltr'>honores</span> <span class='ocrx_word' id='word_1_322' title='bbox 697 1991 748 2017; x_wconf 86' lang='lat' dir='ltr'>asse·</span> <span class='ocrx_word' id='word_1_323' title='bbox 758 1984 783 2019; x_wconf 87' lang='grc'>35</span> 
     </span>
     <span class='ocr_line' id='line_1_38' title="bbox 104 2033 749 2084; baseline 0 -15"><span class='ocrx_word' id='word_1_324' title='bbox 104 2038 195 2082; x_wconf 87' lang='lat' dir='ltr'>queretur</span> <span class='ocrx_word' id='word_1_325' title='bbox 216 2033 354 2084; x_wconf 87' lang='lat' dir='ltr'>amplissimos;</span> <span class='ocrx_word' id='word_1_326' title='bbox 378 2033 394 2070; x_wconf 89' lang='lat' dir='ltr'>si</span> <span class='ocrx_word' id='word_1_327' title='bbox 412 2033 486 2071; x_wconf 84' lang='lat' dir='ltr'>factum</span> <span class='ocrx_word' id='word_1_328' title='bbox 505 2033 558 2071; x_wconf 82' lang='lat' dir='ltr'>vobis</span> <span class='ocrx_word' id='word_1_329' title='bbox 577 2046 615 2070; x_wconf 90' lang='lat' dir='ltr'>non</span> <span class='ocrx_word' id='word_1_330' title='bbox 634 2033 749 2084; x_wconf 86' lang='lat' dir='ltr'>probaretur</span> 
     </span>
     <span class='ocr_line' id='line_1_39' title="bbox 107 2085 747 2139; baseline 0 -16"><span class='ocrx_word' id='word_1_331' title='bbox 107 2085 233 2137; x_wconf 77' lang='lat' dir='ltr'>(quamquam</span> <span class='ocrx_word' id='word_1_332' title='bbox 243 2087 276 2138; x_wconf 85' lang='lat' dir='ltr'>qui</span> <span class='ocrx_word' id='word_1_333' title='bbox 286 2091 362 2139; x_wconf 88' lang='lat' dir='ltr'>poterat</span> <span class='ocrx_word' id='word_1_334' title='bbox 372 2085 423 2124; x_wconf 86' lang='lat' dir='ltr'>salus</span> <span class='ocrx_word' id='word_1_335' title='bbox 439 2099 473 2124; x_wconf 87' lang='lat' dir='ltr'>sua</span> <span class='ocrx_word' id='word_1_336' title='bbox 484 2086 573 2137; x_wconf 84' lang='lat' dir='ltr'>cuiquam</span> <span class='ocrx_word' id='word_1_337' title='bbox 587 2099 625 2124; x_wconf 89' lang='lat' dir='ltr'>non</span> <span class='ocrx_word' id='word_1_338' title='bbox 640 2085 747 2138; x_wconf 68' lang='lat' dir='ltr'>probarit),</span> 
     </span>
     <span class='ocr_line' id='line_1_40' title="bbox 104 2139 748 2192; baseline 0.003 -17"><span class='ocrx_word' id='word_1_339' title='bbox 104 2139 138 2176; x_wconf 87' lang='grc'><strong>6611</strong></span> <span class='ocrx_word' id='word_1_340' title='bbox 148 2144 214 2178; x_wconf 88' lang='lat' dir='ltr'>tamen</span> <span class='ocrx_word' id='word_1_341' title='bbox 223 2141 239 2178; x_wconf 90' lang='lat' dir='ltr'>si</span> <span class='ocrx_word' id='word_1_342' title='bbox 253 2140 316 2179; x_wconf 88' lang='lat' dir='ltr'>minus</span> <span class='ocrx_word' id='word_1_343' title='bbox 325 2139 422 2179; x_wconf 87' lang='lat' dir='ltr'>fortissimi</span> <span class='ocrx_word' id='word_1_344' title='bbox 432 2139 466 2178; x_wconf 87' lang='lat' dir='ltr'>viri</span> <span class='ocrx_word' id='word_1_345' title='bbox 475 2140 535 2177; x_wconf 73' lang='lat' dir='ltr'>virtus</span> <span class='ocrx_word' id='word_1_346' title='bbox 548 2141 620 2179; x_wconf 72' lang='lat' dir='ltr'>civibus</span> <span class='ocrx_word' id='word_1_347' title='bbox 634 2145 690 2192; x_wconf 84' lang='lat' dir='ltr'>grata</span> <span class='ocrx_word' id='word_1_348' title='bbox 701 2140 748 2178; x_wconf 85' lang='lat' dir='ltr'>ceci-</span> 
     </span>
     <span class='ocr_line' id='line_1_41' title="bbox 105 2190 748 2245; baseline 0.005 -18"><span class='ocrx_word' id='word_1_349' title='bbox 105 2190 169 2236; x_wconf 85' lang='lat' dir='ltr'>disset,</span> <span class='ocrx_word' id='word_1_350' title='bbox 184 2206 256 2244; x_wconf 82' lang='lat' dir='ltr'>magno</span> <span class='ocrx_word' id='word_1_351' title='bbox 270 2194 333 2232; x_wconf 84' lang='lat' dir='ltr'>animo</span> <span class='ocrx_word' id='word_1_352' title='bbox 344 2194 476 2245; x_wconf 78' lang='lat' dir='ltr'>constantique</span> <span class='ocrx_word' id='word_1_353' title='bbox 491 2193 568 2231; x_wconf 86' lang='lat' dir='ltr'>cederet</span> <span class='ocrx_word' id='word_1_354' title='bbox 582 2206 605 2230; x_wconf 78' lang='lat' dir='ltr'>ex</span> <span class='ocrx_word' id='word_1_355' title='bbox 619 2194 694 2245; x_wconf 82' lang='lat' dir='ltr'>ingrata</span> <span class='ocrx_word' id='word_1_356' title='bbox 704 2194 748 2231; x_wconf 84' lang='lat' dir='ltr'>civi-</span> 
     </span>
     <span class='ocr_line' id='line_1_42' title="bbox 104 2245 784 2299; baseline 0.007 -19"><span class='ocrx_word' id='word_1_357' title='bbox 104 2248 149 2282; x_wconf 84' lang='lat' dir='ltr'>tate.</span> <span class='ocrx_word' id='word_1_358' title='bbox 170 2245 221 2283; x_wconf 84' lang='lat' dir='ltr'>Nam</span> <span class='ocrx_word' id='word_1_359' title='bbox 229 2247 275 2297; x_wconf 87' lang='lat' dir='ltr'>quid</span> <span class='ocrx_word' id='word_1_360' title='bbox 286 2253 337 2285; x_wconf 89' lang='lat' dir='ltr'>esset</span> <span class='ocrx_word' id='word_1_361' title='bbox 346 2247 445 2299; x_wconf 79' lang='lat' dir='ltr'>ingratius,</span> <span class='ocrx_word' id='word_1_362' title='bbox 456 2260 515 2297; x_wconf 79' lang='lat' dir='ltr'>quam</span> <span class='ocrx_word' id='word_1_363' title='bbox 524 2246 587 2284; x_wconf 71' lang='grc'><strong>1661611</strong></span> <span class='ocrx_word' id='word_1_364' title='bbox 595 2252 674 2290; x_wconf 84' lang='lat' dir='ltr'>ceteros,</span> <span class='ocrx_word' id='word_1_365' title='bbox 681 2247 748 2298; x_wconf 79' lang='lat' dir='ltr'>lugere</span> <span class='ocrx_word' id='word_1_366' title='bbox 758 2250 784 2286; x_wconf 80' lang='lat'>40</span> 
     </span>
     <span class='ocr_line' id='line_1_43' title="bbox 104 2298 748 2351; baseline 0.005 -17"><span class='ocrx_word' id='word_1_367' title='bbox 104 2309 148 2334; x_wconf 88' lang='lat' dir='ltr'>eum</span> <span class='ocrx_word' id='word_1_368' title='bbox 158 2298 226 2343; x_wconf 82' lang='lat' dir='ltr'>solum,</span> <span class='ocrx_word' id='word_1_369' title='bbox 238 2305 317 2351; x_wconf 86' lang='lat' dir='ltr'>propter</span> <span class='ocrx_word' id='word_1_370' title='bbox 327 2313 385 2351; x_wconf 89' lang='lat' dir='ltr'>quem</span> <span class='ocrx_word' id='word_1_371' title='bbox 399 2300 457 2338; x_wconf 88' lang='lat' dir='ltr'>ceteri</span> <span class='ocrx_word' id='word_1_372' title='bbox 471 2300 600 2338; x_wconf 72' lang='lat' dir='ltr'>laetarentur?</span> <span class='ocrx_word' id='word_1_373' title='bbox 629 2303 660 2337; x_wconf 73' lang='lat'>82.</span> <span class='ocrx_word' id='word_1_374' title='bbox 676 2300 748 2344; x_wconf 74' lang='lat' dir='ltr'>Quam-</span> 
     </span>
     <span class='ocr_line' id='line_1_44' title="bbox 104 2350 748 2405; baseline 0.006 -19"><span class='ocrx_word' id='word_1_375' title='bbox 104 2362 162 2400; x_wconf 83' lang='lat' dir='ltr'>quam</span> <span class='ocrx_word' id='word_1_376' title='bbox 172 2350 209 2389; x_wconf 86' lang='lat' dir='ltr'>hoc</span> <span class='ocrx_word' id='word_1_377' title='bbox 219 2352 282 2390; x_wconf 85' lang='lat' dir='ltr'>animo</span> <span class='ocrx_word' id='word_1_378' title='bbox 291 2366 368 2405; x_wconf 85' lang='lat' dir='ltr'>semper</span> <span class='ocrx_word' id='word_1_379' title='bbox 382 2366 448 2391; x_wconf 89' lang='lat' dir='ltr'>omnes</span> <span class='ocrx_word' id='word_1_380' title='bbox 458 2353 529 2390; x_wconf 86' lang='lat' dir='ltr'>fuimns</span> <span class='ocrx_word' id='word_1_381' title='bbox 540 2353 560 2389; x_wconf 89' lang='lat' dir='ltr'>in</span> <span class='ocrx_word' id='word_1_382' title='bbox 569 2353 636 2403; x_wconf 86' lang='lat' dir='ltr'>patriae</span> <span class='ocrx_word' id='word_1_383' title='bbox 647 2353 748 2404; x_wconf 84' lang='lat' dir='ltr'>proditori-</span> 
     </span>
     <span class='ocr_line' id='line_1_45' title="bbox 103 2402 748 2458; baseline 0.006 -18"><span class='ocrx_word' id='word_1_384' title='bbox 103 2402 140 2441; x_wconf 92' lang='lat' dir='ltr'>bus</span> <span class='ocrx_word' id='word_1_385' title='bbox 157 2404 293 2455; x_wconf 85' lang='lat' dir='ltr'>opprimendis,</span> <span class='ocrx_word' id='word_1_386' title='bbox 308 2411 335 2452; x_wconf 87' lang='lat' dir='ltr'>ut,</span> <span class='ocrx_word' id='word_1_387' title='bbox 353 2407 443 2458; x_wconf 83' lang='lat' dir='ltr'>quoniam</span> <span class='ocrx_word' id='word_1_388' title='bbox 458 2412 523 2444; x_wconf 83' lang='lat' dir='ltr'>nostra</span> <span class='ocrx_word' id='word_1_389' title='bbox 539 2406 604 2443; x_wconf 83' lang='lat' dir='ltr'>futura</span> <span class='ocrx_word' id='word_1_390' title='bbox 614 2411 665 2444; x_wconf 83' lang='lat' dir='ltr'>esset</span> <span class='ocrx_word' id='word_1_391' title='bbox 681 2406 748 2458; x_wconf 79' lang='lat' dir='ltr'>gloria,</span> 
     </span>
     <span class='ocr_line' id='line_1_46' title="bbox 103 2456 750 2510; baseline 0.006 -16"><span class='ocrx_word' id='word_1_392' title='bbox 103 2456 210 2507; x_wconf 87' lang='lat' dir='ltr'>periculum</span> <span class='ocrx_word' id='word_1_393' title='bbox 220 2470 297 2510; x_wconf 87' lang='lat' dir='ltr'>quoque</span> <span class='ocrx_word' id='word_1_394' title='bbox 311 2464 331 2496; x_wconf 89' lang='lat' dir='ltr'>et</span> <span class='ocrx_word' id='word_1_395' title='bbox 343 2460 434 2498; x_wconf 86' lang='lat' dir='ltr'>invidiam</span> <span class='ocrx_word' id='word_1_396' title='bbox 448 2466 534 2498; x_wconf 87' lang='lat' dir='ltr'>nostram</span> <span class='ocrx_word' id='word_1_397' title='bbox 551 2465 668 2510; x_wconf 83' lang='lat' dir='ltr'>putaremus.</span> <span class='ocrx_word' id='word_1_398' title='bbox 697 2460 750 2499; x_wconf 85' lang='lat' dir='ltr'>Nam</span> 
     </span>
    </p>
   </div>
   <div class='ocr_carea' id='block_1_3' title="bbox 0 0 874 2673">
    <p class='ocr_par' dir='ltr' id='par_1_3' title="bbox 0 0 874 2673">
     <span class='ocr_line' id='line_1_47' title="bbox 0 0 874 2673; baseline 0 1"><span class='ocrx_word' id='word_1_399' title='bbox 0 0 874 2673; x_wconf 95' lang='lat' dir='ltr'> </span> 
     </span>
    </p>
   </div>
  </div>
 </body>
</html>
