1738 2673
105 51 144 88 132
424 62 497 89 00100

140 163 175 189 suo
190 150 234 202 jure
248 156 299 191 esset
315 152 362 191 ulta.
391 151 479 196 Senatus,
495 152 558 197 credo,
574 156 677 203 praetorem
691 163 736 188 eum
750 150 785 188 cir-

140 206 298 256 cumscripsisset.
327 206 358 244 Ne
377 219 437 256 quum
453 206 528 243 solebat
544 206 622 255 quidem
641 205 661 241 id
680 205 749 247 facere,
766 203 785 241 iu

139 257 215 310 privato
225 259 293 297 eodem
303 260 340 298 hoo
350 258 421 310 aliquid
432 259 555 310 profecerat
575 263 606 298 80.
621 258 654 296 Αο
669 257 756 296 00000100
766 256 785 295 10

139 317 224 363 praetore
234 313 339 352 coercendo
349 314 408 351 fortes
416 312 511 350 fuissent?
533 312 626 357 Primum,
634 311 705 351 Milone
715 310 784 355 occiso,

117 370 129 403 5
139 366 238 404 habuisset
252 379 297 404 suos
307 367 407 409 consules;
422 366 490 403 deinde
500 366 543 417 quis
557 367 577 403 in
586 378 609 403 eo
623 370 707 417 praetore
717 365 784 403 consul

138 418 192 458 fortis
202 425 258 465 esset,
269 432 304 471 per
319 433 377 471 quem
393 418 492 458 tribunum
502 419 593 457 virtutem
607 419 727 458 consularem
742 432 784 456 crn-

138 473 234 511 delissime
243 478 333 511 vexatam
347 486 388 511 esse
403 473 535 511 meminisset?
564 473 698 524 Oppressisset
714 473 783 516 omnia,

137 527 251 577 possideret,
261 531 346 572 teneret;
361 527 405 579 lege
414 539 470 571 nova,
481 540 525 578 0000
541 531 570 565 001
584 527 662 565 inventa
671 525 724 578 apud
739 538 783 564 0001

137 593 181 617 cum
192 581 268 632 reliquis
278 581 354 632 legibus
364 581 468 625 Clodianis,
478 593 544 618 servos
553 585 629 618 nostros
644 581 723 618 libertos
738 592 783 617 suos

103 636 127 670 10
137 633 219 671 fecisset.
240 634 347 678 Postremo,
358 634 393 672 nisi
403 648 446 672 eum
457 634 483 672 dii
490 634 607 672 immortales
617 634 636 671 in
646 647 688 672 eam
699 638 783 671 mentem

136 686 263 738 impulissent,
273 692 296 726 ut
309 687 368 726 homo
382 688 502 726 effeminatus
516 688 641 726 fortissimum
651 688 713 726 virum
727 700 782 725 cona-

136 746 190 778 retur
199 741 292 786 occidcre,
303 741 360 780 hodie
369 755 410 780 rcm
425 741 522 793 publicam
532 742 604 779 nullam
618 741 715 780 haberetis
751 744 781 779 00.

136 795 170 831 An
179 795 211 832 ille
221 801 298 846 praetor,
308 795 340 833 1110
349 808 395 832 vero
405 796 476 840 consul,
486 795 501 832 si
511 795 569 833 modo
583 796 627 833 lraec
638 795 710 846 templa
723 799 782 845 atque

136 847 179 898 ipsa
188 849 260 887 moenia
270 854 320 886 stare
331 862 353 886 00
363 850 406 886 vivo
416 849 490 887 tamdiu
500 853 519 886 et
529 849 650 886 consulatum
662 850 704 900 ejus
715 860 782 899 exspe-

101 904 126 940 15
137 907 189 940 ctare
203 903 317 953 potuissent,
327 902 359 940 ille
373 902 455 953 deniqne
465 903 518 940 vimis
529 902 573 940 mali
590 902 636 940 011111
652 903 734 945 fecisset,
750 901 783 952 qui

136 961 230 1001 mortuus,
238 968 277 993 uno
287 969 310 994 ex
320 956 359 994 suis
369 956 482 995 satellitibus
493 954 546 1008 [Sex.
558 955 635 1009 Clodio]
644 956 698 1000 duce,
710 955 782 994 curiam

136 1009 257 1047 incenderit?
286 1010 329 1055 Quo
339 1010 386 1060 quid
396 1010 488 1055 miserius,
499 1009 545 1061 quid
560 1010 652 1054 acerbius,
663 1009 709 1060 quid
719 1009 781 1046 luctu·

136 1062 187 1101 osius
197 1063 294 1101 iidimus‘l
323 1064 425 1115 Templum
435 1064 547 1107 sanctitatis,
558 1063 695 1115 amplitudinis,
705 1064 781 1108 mentis,

137 1117 208 1155 consilii
215 1117 292 1169 publici,
301 1122 360 1169 00001
369 1118 428 1162 urbis,
439 1130 492 1156 aram
499 1117 600 1161 sociorum,
609 1122 687 1169 portum
697 1117 782 1155 omnium

101 1173 127 1208 20
136 1171 229 1222 gentium,
241 1171 307 1209 sedem
320 1172 345 1210 ab
359 1171 447 1210 universo
458 1171 530 1223 populo
540 1184 651 1209 concessam
665 1171 698 1209 uni
714 1170 780 1216 ordini,

136 1225 255 1270 inflammari,
266 1225 355 1270 exscindi,
366 1225 474 1263 funestari?
489 1238 552 1276 neque
561 1225 581 1263 id
588 1225 629 1263 fieri
638 1237 649 1262 a
658 1225 781 1263 multitudine

136 1278 230 1329 imperita,
239 1292 357 1330 quamquam
371 1284 422 1317 esset
431 1280 522 1316 miserum
532 1279 552 1316 id
564 1279 633 1329 ipsum,
645 1279 679 1316 sed
689 1280 714 1316 ab
725 1279 780 1316 0001

137 1332 174 1378 Qui
184 1345 244 1383 quum
254 1337 330 1370 tantum
339 1345 399 1371 ausus
412 1332 436 1370 sit
445 1337 499 1370 ustor
509 1345 544 1384 pro
554 1337 636 1377 mortuo,
647 1332 693 1383 quid
703 1332 782 1384 signifer

136 1386 224 1437 0100100
234 1391 333 1425 00000001
346 1386 421 1424 000001
450 1387 473 1425 10
483 1386 554 1424 curiam
569 1386 690 1437 potissimum
704 1386 780 1437 abjecit,

101 1442 125 1477 25
136 1445 158 1477 nt
168 1452 211 1477 eam
220 1445 308 1478 mortuus
321 1440 437 1485 incenderet⁷
448 1453 506 1492 quam
516 1440 570 1478 viius
580 1445 680 1478 everterat.
710 1445 740 1479 91.
755 1440 781 1478 Et

136 1499 187 1539 sunt,
197 1495 231 1545 qui
240 1495 265 1532 dc
274 1494 305 1531 via
314 1494 381 1546 Appia
395 1499 504 1546 querantur,
515 1499 592 1531 taceant
602 1494 626 1531 de
636 1494 704 1531 ouria‘?
720 1494 781 1546 etqui

135 1548 160 1587 ab
177 1561 200 1586 00
216 1549 301 1600 spirante
315 1548 378 1587 forum
394 1553 464 1599 putent
477 1548 563 1600 potuisse
578 1547 660 1592 defendi,
671 1548 726 1598 eujus
743 1562 781 1586 000

135 1602 226 1641 restiterit
240 1602 328 1641 cadaveri
342 1602 409 1641 001101
437 1602 530 1647 Excitate,
542 1602 623 1640 excitate
637 1602 706 1653 ipsum,
717 1602 733 1640 si
746 1615 780 1653 po-

134 1656 195 1700 testis,
209 1656 315 1695 amortuis.
344 1656 446 1709 Frangetis
455 1656 550 1708 impetum
560 1655 602 1700 1101,
613 1655 669 1708 cujus
683 1656 780 1695 01100011-

100 1712 126 1746 30
134 1710 184 1748 netis
194 1711 253 1748 furias
266 1710 371 1762 insepulti?
400 1710 442 1748 Nisi
455 1722 501 1748 vero
515 1710 630 1747 sustinuistis
643 1723 682 1755 eos,
693 1710 780 1761 quicum

134 1763 209 1803 facibus
223 1764 248 1802 ad
263 1764 335 1803 curiam
345 1769 487 1808 concurrerunt,
499 1777 543 1802 cum
555 1764 636 1802 falcibus
648 1764 672 1801 ad
688 1764 778 1808 Castoris¹

135 1830 179 1856 curn
196 1818 265 1871 gladiis
281 1823 323 1856 toto
337 1818 379 1856 foro
393 1818 501 1856 volitarunt.
532 1817 586 1855 Caedi
598 1817 671 1856 vidistis
686 1817 780 1869 populum

134 1872 249 1917 Romanurn,
261 1872 371 1910 concionem
381 1872 450 1924 gladiis
458 1871 567 1916 disturbari,
578 1885 638 1922 quum
648 1871 746 1909 audiretur
755 1871 779 1909 si-

134 1926 193 1963 lentio
207 1925 234 1964 M.
246 1926 324 1970 Coelius,
340 1925 427 1963 tribunus
442 1925 509 1976 plebis,
520 1925 548 1962 vir
561 1930 581 1962 et
594 1925 613 1962 in
623 1938 643 1963 re
654 1925 731 1977 publica
740 1925 778 1963 for-

100 1980 125 2014 35
135 1979 219 2017 tissimus
230 1979 277 2017 etin
287 1983 377 2030 suscepta
387 1991 445 2016 causa
453 1978 572 2016 firmissimus
580 1983 599 2016 et
608 1979 703 2016 bonorum
712 1979 744 2017 rol
772 2002 779 2007 ·

135 2033 170 2071 tati
184 2038 204 2070 01
220 2033 329 2071 auctoritati
345 2037 423 2070 senatus
440 2032 517 2070 deditus
531 2036 551 2070 ct
566 2032 586 2069 10
599 2033 636 2070 hac
651 2032 726 2071 Milonis
741 2033 780 2071 sire

134 2087 205 2125 invidia
215 2087 254 2125 sive
263 2087 341 2125 fortuna
351 2085 442 2138 singulari
452 2086 515 2124 diin'na
525 2090 544 2123 et
553 2086 659 2125 incredibili
667 2086 711 2125 fide.

160 2141 253 2180 XXXIV.
284 2145 314 2178 92.
330 2139 369 2177 Sed
378 2141 419 2192 jam
429 2140 474 2178 satis
484 2139 545 2177 multa
552 2140 577 2178 de
587 2153 645 2178 causa
651 2154 656 2185 3
671 2145 725 2178 entra
735 2154 778 2179 can-

134 2208 176 2233 sam
186 2196 244 2233 etiam
253 2195 309 2233 nimis
319 2194 400 2232 fortasse
409 2194 476 2231 multa.
505 2193 556 2239 Quid
565 2200 631 2239 restat,
641 2194 677 2232 0101
690 2200 713 2232 01
727 2208 780 2233 orem

98 2249 124 2285 40
134 2251 257 2301 obtesterque
273 2262 314 2294 ros,
330 2247 412 2300 judices,
429 2252 452 2285 ut
467 2259 509 2285 eam
525 2248 674 2286 misericordiam
691 2248 780 2286 tribuatis

133 2304 236 2342 fortissimo
246 2303 292 2347 tiro,
303 2315 362 2354 qnam
375 2302 417 2353 ipse
430 2314 468 2339 000
481 2302 576 2353 implorat,
592 2315 635 2354 ego,
651 2302 708 2340 etiam
722 2315 779 2353 repu-

133 2363 206 2410 gnante
220 2358 263 2403 hoc,
273 2362 293 2395 et
307 2357 389 2408 imploro
403 2360 423 2394 et
436 2356 535 2407 exposco‘.l
563 2355 663 2401 1101110,οἰ
678 2356 697 2394 in
713 2361 780 2394 nostro

133 2413 219 2451 omnium
232 2412 281 2450 fletu
289 2412 363 2449 nnllam
380 2410 478 2448 lacrimam
492 2409 606 2461 adspexistis
620 2410 702 2454 Milonis,
713 2410 729 2447 si
738 2409 779 2448 vul-

132 2470 176 2505 tum
192 2479 269 2517 semper
285 2465 374 2510 eundem,
389 2464 405 2502 si
419 2476 491 2509 vocem,
502 2462 518 2502 si
534 2464 779 2503 0101100001010111100100
