<?xml version="1.0" encoding="UTF-8"?>
<!DOCTYPE html PUBLIC "-//W3C//DTD XHTML 1.0 Transitional//EN"
    "http://www.w3.org/TR/xhtml1/DTD/xhtml1-transitional.dtd">
<html xmlns="http://www.w3.org/1999/xhtml" xml:lang="en" lang="en">
 <head>
  <title>
</title>
<meta http-equiv="Content-Type" content="text/html;charset=utf-8" />
  <meta name='ocr-system' content='tesseract 3.04.00' />
  <meta name='ocr-capabilities' content='ocr_page ocr_carea ocr_par ocr_line ocrx_word'/>
</head>
<body>
  <div class='ocr_page' id='page_1' title='image "MN40048ucmf_0_0107.png"; bbox 0 0 1738 2673; ppageno 0'>
   <div class='ocr_carea' id='block_1_1' title="bbox 211 48 748 92">
    <p class='ocr_par' dir='ltr' id='par_1_1' title="bbox 211 48 748 92">
     <span class='ocr_line' id='line_1_1' title="bbox 211 48 748 92; baseline 0 -7"><span class='ocrx_word' id='word_1_1' title='bbox 211 58 251 86; x_wconf 72' lang='lat' dir='ltr'>ano</span> <span class='ocrx_word' id='word_1_2' title='bbox 261 58 313 85; x_wconf 78' lang='lat' dir='ltr'>anan</span> <span class='ocrx_word' id='word_1_3' title='bbox 322 57 429 92; x_wconf 78' lang='lat' dir='ltr'>unrocano,</span> <span class='ocrx_word' id='word_1_4' title='bbox 440 57 485 86; x_wconf 77' lang='lat' dir='ltr'>cnr.</span> <span class='ocrx_word' id='word_1_5' title='bbox 495 57 523 92; x_wconf 80' lang='lat' dir='ltr'>vr,</span> <span class='ocrx_word' id='word_1_6' title='bbox 533 57 568 86; x_wconf 87' lang='lat' dir='ltr'>vn.</span> <span class='ocrx_word' id='word_1_7' title='bbox 721 48 748 85; x_wconf 86' lang='lat'>89</span> 
     </span>
    </p>
   </div>
   <div class='ocr_carea' id='block_1_2' title="bbox 59 146 746 2566">
    <p class='ocr_par' dir='ltr' id='par_1_2' title="bbox 63 146 733 634">
     <span class='ocr_line' id='line_1_2' title="bbox 71 146 714 193; baseline -0.002 -9"><span class='ocrx_word' id='word_1_8' title='bbox 71 180 72 184; x_wconf 72' lang='grc'>,</span> <span class='ocrx_word' id='word_1_9' title='bbox 92 147 128 187; x_wconf 91' lang='lat' dir='ltr'>VI.</span> <span class='ocrx_word' id='word_1_10' title='bbox 152 151 183 186; x_wconf 82' lang='grc'>16.</span> <span class='ocrx_word' id='word_1_11' title='bbox 198 147 233 193; x_wconf 79' lang='lat' dir='ltr'>At,</span> <span class='ocrx_word' id='word_1_12' title='bbox 244 147 308 193; x_wconf 88' lang='lat' dir='ltr'>credo,</span> <span class='ocrx_word' id='word_1_13' title='bbox 319 148 362 187; x_wconf 87' lang='lat' dir='ltr'>haec</span> <span class='ocrx_word' id='word_1_14' title='bbox 377 149 435 186; x_wconf 89' lang='lat' dir='ltr'>homo</span> <span class='ocrx_word' id='word_1_15' title='bbox 444 147 563 186; x_wconf 87' lang='lat' dir='ltr'>inconsultus</span> <span class='ocrx_word' id='word_1_16' title='bbox 573 152 593 185; x_wconf 91' lang='lat' dir='ltr'>et</span> <span class='ocrx_word' id='word_1_17' title='bbox 601 146 714 184; x_wconf 88' lang='lat' dir='ltr'>temerarius</span> 
     </span>
     <span class='ocr_line' id='line_1_3' title="bbox 65 199 714 253; baseline -0.005 -12"><span class='ocrx_word' id='word_1_18' title='bbox 65 215 104 241; x_wconf 90' lang='lat' dir='ltr'>non</span> <span class='ocrx_word' id='word_1_19' title='bbox 120 202 279 248; x_wconf 75' lang='lat' dir='ltr'>videbat—Quis</span> <span class='ocrx_word' id='word_1_20' title='bbox 297 202 433 241; x_wconf 74' lang='lat' dir='ltr'>consideratior</span> <span class='ocrx_word' id='word_1_21' title='bbox 448 202 498 241; x_wconf 76' lang='lat' dir='ltr'>illo‘l</span> <span class='ocrx_word' id='word_1_22' title='bbox 517 201 559 253; x_wconf 90' lang='lat' dir='ltr'>quis</span> <span class='ocrx_word' id='word_1_23' title='bbox 573 199 657 239; x_wconf 82' lang='lat' dir='ltr'>tectior‘?</span> <span class='ocrx_word' id='word_1_24' title='bbox 672 200 714 252; x_wconf 91' lang='lat' dir='ltr'>quis</span> 
     </span>
     <span class='ocr_line' id='line_1_4' title="bbox 64 255 712 309; baseline -0.005 -15"><span class='ocrx_word' id='word_1_25' title='bbox 64 256 194 309; x_wconf 75' lang='lat' dir='ltr'>prudentior?</span> <span class='ocrx_word' id='word_1_26' title='bbox 209 269 326 308; x_wconf 87' lang='lat' dir='ltr'>quamquam</span> <span class='ocrx_word' id='word_1_27' title='bbox 335 258 372 295; x_wconf 92' lang='lat' dir='ltr'>hoc</span> <span class='ocrx_word' id='word_1_28' title='bbox 382 257 424 296; x_wconf 91' lang='lat' dir='ltr'>loco</span> <span class='ocrx_word' id='word_1_29' title='bbox 438 256 552 295; x_wconf 83' lang='lat' dir='ltr'>Deiotarum</span> <span class='ocrx_word' id='word_1_30' title='bbox 562 268 600 293; x_wconf 92' lang='lat' dir='ltr'>non</span> <span class='ocrx_word' id='word_1_31' title='bbox 609 260 650 292; x_wconf 87' lang='lat' dir='ltr'>tam</span> <span class='ocrx_word' id='word_1_32' title='bbox 659 255 712 307; x_wconf 87' lang='lat' dir='ltr'>inge-</span> 
     </span>
     <span class='ocr_line' id='line_1_5' title="bbox 63 308 713 364; baseline -0.003 -15"><span class='ocrx_word' id='word_1_33' title='bbox 63 311 95 350; x_wconf 89' lang='lat' dir='ltr'>nio</span> <span class='ocrx_word' id='word_1_34' title='bbox 105 315 125 349; x_wconf 92' lang='lat' dir='ltr'>et</span> <span class='ocrx_word' id='word_1_35' title='bbox 141 310 243 363; x_wconf 89' lang='lat' dir='ltr'>prudentia</span> <span class='ocrx_word' id='word_1_36' title='bbox 253 323 312 362; x_wconf 88' lang='lat' dir='ltr'>quam</span> <span class='ocrx_word' id='word_1_37' title='bbox 326 311 363 350; x_wconf 87' lang='lat' dir='ltr'>fide</span> <span class='ocrx_word' id='word_1_38' title='bbox 374 316 393 350; x_wconf 91' lang='lat' dir='ltr'>et</span> <span class='ocrx_word' id='word_1_39' title='bbox 408 311 499 364; x_wconf 81' lang='lat' dir='ltr'>religione</span> <span class='ocrx_word' id='word_1_40' title='bbox 509 311 554 348; x_wconf 81' lang='lat' dir='ltr'>vitae</span> <span class='ocrx_word' id='word_1_41' title='bbox 568 308 713 348; x_wconf 85' lang='lat' dir='ltr'>defendendum</span> 
     </span>
     <span class='ocr_line' id='line_1_6' title="bbox 64 363 733 417; baseline 0.004 -15"><span class='ocrx_word' id='word_1_42' title='bbox 64 370 118 417; x_wconf 91' lang='lat' dir='ltr'>puto.</span> <span class='ocrx_word' id='word_1_43' title='bbox 142 365 194 403; x_wconf 88' lang='lat' dir='ltr'>Nota</span> <span class='ocrx_word' id='word_1_44' title='bbox 204 365 238 404; x_wconf 89' lang='lat' dir='ltr'>tihi</span> <span class='ocrx_word' id='word_1_45' title='bbox 248 371 277 404; x_wconf 91' lang='lat' dir='ltr'>est</span> <span class='ocrx_word' id='word_1_46' title='bbox 285 365 366 404; x_wconf 88' lang='lat' dir='ltr'>hominis</span> <span class='ocrx_word' id='word_1_47' title='bbox 375 366 467 417; x_wconf 78' lang='lat' dir='ltr'>probitas,</span> <span class='ocrx_word' id='word_1_48' title='bbox 479 365 501 403; x_wconf 83' lang='grc' dir='ltr'>Ο.</span> <span class='ocrx_word' id='word_1_49' title='bbox 513 364 584 409; x_wconf 77' lang='lat' dir='ltr'>Oaesar,</span> <span class='ocrx_word' id='word_1_50' title='bbox 594 363 635 401; x_wconf 86' lang='lat' dir='ltr'>noti</span> <span class='ocrx_word' id='word_1_51' title='bbox 643 370 733 408; x_wconf 87' lang='lat' dir='ltr'>mores,5</span> 
     </span>
     <span class='ocr_line' id='line_1_7' title="bbox 63 417 713 472; baseline -0.003 -15"><span class='ocrx_word' id='word_1_52' title='bbox 63 424 109 457; x_wconf 89' lang='lat' dir='ltr'>nota</span> <span class='ocrx_word' id='word_1_53' title='bbox 120 418 232 458; x_wconf 86' lang='lat' dir='ltr'>constantia.</span> <span class='ocrx_word' id='word_1_54' title='bbox 262 419 298 457; x_wconf 81' lang='lat' dir='ltr'>(lui</span> <span class='ocrx_word' id='word_1_55' title='bbox 313 433 376 472; x_wconf 88' lang='lat' dir='ltr'>porro,</span> <span class='ocrx_word' id='word_1_56' title='bbox 387 419 420 471; x_wconf 87' lang='lat' dir='ltr'>qui</span> <span class='ocrx_word' id='word_1_57' title='bbox 433 418 491 458; x_wconf 90' lang='lat' dir='ltr'>modo</span> <span class='ocrx_word' id='word_1_58' title='bbox 506 418 573 471; x_wconf 90' lang='lat' dir='ltr'>populi</span> <span class='ocrx_word' id='word_1_59' title='bbox 583 417 666 456; x_wconf 83' lang='lat' dir='ltr'>Romani</span> <span class='ocrx_word' id='word_1_60' title='bbox 679 430 713 455; x_wconf 91' lang='lat' dir='ltr'>no-</span> 
     </span>
     <span class='ocr_line' id='line_1_8' title="bbox 64 471 714 527; baseline -0.003 -15"><span class='ocrx_word' id='word_1_61' title='bbox 64 486 109 512; x_wconf 88' lang='lat' dir='ltr'>men</span> <span class='ocrx_word' id='word_1_62' title='bbox 126 473 205 519; x_wconf 84' lang='lat' dir='ltr'>audivit,</span> <span class='ocrx_word' id='word_1_63' title='bbox 216 473 301 512; x_wconf 82' lang='lat' dir='ltr'>Deiotari</span> <span class='ocrx_word' id='word_1_64' title='bbox 310 474 415 527; x_wconf 78' lang='lat' dir='ltr'>integritas,</span> <span class='ocrx_word' id='word_1_65' title='bbox 426 474 516 527; x_wconf 84' lang='lat' dir='ltr'>gravitas,</span> <span class='ocrx_word' id='word_1_66' title='bbox 527 474 593 518; x_wconf 85' lang='lat' dir='ltr'>virtus,</span> <span class='ocrx_word' id='word_1_67' title='bbox 611 471 658 510; x_wconf 89' lang='lat' dir='ltr'>fides</span> <span class='ocrx_word' id='word_1_68' title='bbox 675 485 714 510; x_wconf 93' lang='lat' dir='ltr'>non</span> 
     </span>
     <span class='ocr_line' id='line_1_9' title="bbox 64 526 712 581; baseline -0.003 -16"><span class='ocrx_word' id='word_1_69' title='bbox 64 527 130 566; x_wconf 84' lang='lat' dir='ltr'>andita</span> <span class='ocrx_word' id='word_1_70' title='bbox 139 528 183 566; x_wconf 80' lang='lat' dir='ltr'>est‘l</span> <span class='ocrx_word' id='word_1_71' title='bbox 212 528 269 574; x_wconf 74' lang='lat' dir='ltr'>Quod</span> <span class='ocrx_word' id='word_1_72' title='bbox 283 528 341 581; x_wconf 82' lang='lat' dir='ltr'>igitur</span> <span class='ocrx_word' id='word_1_73' title='bbox 356 528 430 567; x_wconf 79' lang='lat' dir='ltr'>lacinus</span> <span class='ocrx_word' id='word_1_74' title='bbox 446 541 482 566; x_wconf 88' lang='lat' dir='ltr'>nec</span> <span class='ocrx_word' id='word_1_75' title='bbox 496 528 515 565; x_wconf 93' lang='lat' dir='ltr'>in</span> <span class='ocrx_word' id='word_1_76' title='bbox 529 527 626 565; x_wconf 87' lang='lat' dir='ltr'>hominem</span> <span class='ocrx_word' id='word_1_77' title='bbox 640 526 712 578; x_wconf 87' lang='lat' dir='ltr'>impru-</span> 
     </span>
     <span class='ocr_line' id='line_1_10' title="bbox 64 580 713 634; baseline -0.002 -15"><span class='ocrx_word' id='word_1_78' title='bbox 64 581 142 620; x_wconf 88' lang='lat' dir='ltr'>dentem</span> <span class='ocrx_word' id='word_1_79' title='bbox 152 581 221 620; x_wconf 88' lang='lat' dir='ltr'>cadere</span> <span class='ocrx_word' id='word_1_80' title='bbox 235 587 301 634; x_wconf 88' lang='lat' dir='ltr'>posset</span> <span class='ocrx_word' id='word_1_81' title='bbox 310 588 389 634; x_wconf 89' lang='lat' dir='ltr'>propter</span> <span class='ocrx_word' id='word_1_82' title='bbox 403 587 476 620; x_wconf 85' lang='lat' dir='ltr'>metum</span> <span class='ocrx_word' id='word_1_83' title='bbox 493 582 592 633; x_wconf 85' lang='lat' dir='ltr'>praesentis</span> <span class='ocrx_word' id='word_1_84' title='bbox 608 580 666 625; x_wconf 77' lang='lat' dir='ltr'>exitii,</span> <span class='ocrx_word' id='word_1_85' title='bbox 677 593 713 619; x_wconf 88' lang='lat' dir='ltr'>nec</span> 
     </span>
    </p>

    <p class='ocr_par' dir='ltr' id='par_1_3' title="bbox 60 635 746 2146">
     <span class='ocr_line' id='line_1_11' title="bbox 63 635 746 681; baseline 0.001 -7"><span class='ocrx_word' id='word_1_86' title='bbox 63 635 82 674; x_wconf 93' lang='lat' dir='ltr'>in</span> <span class='ocrx_word' id='word_1_87' title='bbox 96 636 230 681; x_wconf 81' lang='lat' dir='ltr'>facinorosum,</span> <span class='ocrx_word' id='word_1_88' title='bbox 241 636 277 674; x_wconf 92' lang='lat' dir='ltr'>nisi</span> <span class='ocrx_word' id='word_1_89' title='bbox 293 638 344 675; x_wconf 76' lang='lat' dir='ltr'>esset</span> <span class='ocrx_word' id='word_1_90' title='bbox 360 636 410 674; x_wconf 90' lang='lat' dir='ltr'>idem</span> <span class='ocrx_word' id='word_1_91' title='bbox 426 636 571 679; x_wconf 83' lang='lat' dir='ltr'>amentissimus,</span> <span class='ocrx_word' id='word_1_92' title='bbox 583 635 603 674; x_wconf 92' lang='lat' dir='ltr'>id</span> <span class='ocrx_word' id='word_1_93' title='bbox 619 647 654 673; x_wconf 88' lang='lat' dir='ltr'>vos</span> <span class='ocrx_word' id='word_1_94' title='bbox 664 639 684 673; x_wconf 90' lang='lat' dir='ltr'>et</span> <span class='ocrx_word' id='word_1_95' title='bbox 701 640 746 675; x_wconf 78' lang='lat' dir='ltr'>alt)</span> 
     </span>
     <span class='ocr_line' id='line_1_12' title="bbox 63 689 712 742; baseline -0.002 -15"><span class='ocrx_word' id='word_1_96' title='bbox 63 690 104 728; x_wconf 92' lang='lat' dir='ltr'>viro</span> <span class='ocrx_word' id='word_1_97' title='bbox 120 690 193 742; x_wconf 88' lang='lat' dir='ltr'>optimo</span> <span class='ocrx_word' id='word_1_98' title='bbox 208 695 227 728; x_wconf 85' lang='lat' dir='ltr'>ct</span> <span class='ocrx_word' id='word_1_99' title='bbox 244 691 269 728; x_wconf 89' lang='lat' dir='ltr'>ab</span> <span class='ocrx_word' id='word_1_100' title='bbox 285 690 362 728; x_wconf 89' lang='lat' dir='ltr'>homine</span> <span class='ocrx_word' id='word_1_101' title='bbox 377 690 454 728; x_wconf 90' lang='lat' dir='ltr'>minime</span> <span class='ocrx_word' id='word_1_102' title='bbox 471 690 530 728; x_wconf 87' lang='lat' dir='ltr'>stulto</span> <span class='ocrx_word' id='word_1_103' title='bbox 547 689 653 742; x_wconf 79' lang='lat' dir='ltr'>cogitatum</span> <span class='ocrx_word' id='word_1_104' title='bbox 670 701 712 727; x_wconf 89' lang='lat' dir='ltr'>esse</span> 
     </span>
     <span class='ocr_line' id='line_1_13' title="bbox 64 742 712 796; baseline -0.005 -14"><span class='ocrx_word' id='word_1_105' title='bbox 64 744 176 796; x_wconf 81' lang='lat' dir='ltr'>confingitis.</span> <span class='ocrx_word' id='word_1_106' title='bbox 207 745 237 783; x_wconf 81' lang='lat'>17.</span> <span class='ocrx_word' id='word_1_107' title='bbox 253 744 282 782; x_wconf 89' lang='lat' dir='ltr'>At</span> <span class='ocrx_word' id='word_1_108' title='bbox 299 757 357 795; x_wconf 89' lang='lat' dir='ltr'>quam</span> <span class='ocrx_word' id='word_1_109' title='bbox 371 757 409 782; x_wconf 91' lang='lat' dir='ltr'>non</span> <span class='ocrx_word' id='word_1_110' title='bbox 419 744 477 782; x_wconf 91' lang='lat' dir='ltr'>modo</span> <span class='ocrx_word' id='word_1_111' title='bbox 494 757 531 783; x_wconf 92' lang='lat' dir='ltr'>non</span> <span class='ocrx_word' id='word_1_112' title='bbox 546 743 666 787; x_wconf 86' lang='lat' dir='ltr'>credibiliter,</span> <span class='ocrx_word' id='word_1_113' title='bbox 677 742 712 780; x_wconf 88' lang='lat' dir='ltr'>sed</span> 
     </span>
     <span class='ocr_line' id='line_1_14' title="bbox 63 797 713 851; baseline -0.005 -14"><span class='ocrx_word' id='word_1_114' title='bbox 63 811 87 837; x_wconf 88' lang='lat' dir='ltr'>ne</span> <span class='ocrx_word' id='word_1_115' title='bbox 97 798 203 851; x_wconf 88' lang='lat' dir='ltr'>suspiciose</span> <span class='ocrx_word' id='word_1_116' title='bbox 213 798 301 850; x_wconf 83' lang='lat' dir='ltr'>quidem!</span> <span class='ocrx_word' id='word_1_117' title='bbox 323 799 393 845; x_wconf 75' lang='lat' dir='ltr'>Quum,</span> <span class='ocrx_word' id='word_1_118' title='bbox 402 798 468 850; x_wconf 84' lang='lat' dir='ltr'>inquit,</span> <span class='ocrx_word' id='word_1_119' title='bbox 479 798 497 836; x_wconf 94' lang='lat' dir='ltr'>in</span> <span class='ocrx_word' id='word_1_120' title='bbox 509 798 608 837; x_wconf 84' lang='lat' dir='ltr'>castellnm</span> <span class='ocrx_word' id='word_1_121' title='bbox 619 797 713 835; x_wconf 78' lang='lat' dir='ltr'>Luceium</span> 
     </span>
     <span class='ocr_line' id='line_1_15' title="bbox 63 851 712 906; baseline -0.005 -15"><span class='ocrx_word' id='word_1_122' title='bbox 63 852 147 891; x_wconf 84' lang='lat' dir='ltr'>venisses</span> <span class='ocrx_word' id='word_1_123' title='bbox 163 858 182 892; x_wconf 85' lang='lat' dir='ltr'>ot</span> <span class='ocrx_word' id='word_1_124' title='bbox 199 853 279 891; x_wconf 90' lang='lat' dir='ltr'>domum</span> <span class='ocrx_word' id='word_1_125' title='bbox 295 854 352 906; x_wconf 78' lang='lat' dir='ltr'>regis,</span> <span class='ocrx_word' id='word_1_126' title='bbox 372 853 454 905; x_wconf 88' lang='lat' dir='ltr'>hospitis</span> <span class='ocrx_word' id='word_1_127' title='bbox 469 853 503 897; x_wconf 88' lang='lat' dir='ltr'>tui,</span> <span class='ocrx_word' id='word_1_128' title='bbox 521 852 642 897; x_wconf 83' lang='lat' dir='ltr'>devertisses,</span> <span class='ocrx_word' id='word_1_129' title='bbox 658 851 712 889; x_wconf 86' lang='lat' dir='ltr'>locus</span> 
     </span>
     <span class='ocr_line' id='line_1_16' title="bbox 63 906 745 959; baseline 0.003 -15"><span class='ocrx_word' id='word_1_130' title='bbox 63 911 104 944; x_wconf 88' lang='lat' dir='ltr'>erat</span> <span class='ocrx_word' id='word_1_131' title='bbox 123 906 208 958; x_wconf 86' lang='lat' dir='ltr'>quidam,</span> <span class='ocrx_word' id='word_1_132' title='bbox 223 907 242 944; x_wconf 92' lang='lat' dir='ltr'>in</span> <span class='ocrx_word' id='word_1_133' title='bbox 259 920 298 959; x_wconf 88' lang='lat' dir='ltr'>quo</span> <span class='ocrx_word' id='word_1_134' title='bbox 315 912 369 945; x_wconf 89' lang='lat' dir='ltr'>erant</span> <span class='ocrx_word' id='word_1_135' title='bbox 384 920 406 945; x_wconf 88' lang='lat' dir='ltr'>ea</span> <span class='ocrx_word' id='word_1_136' title='bbox 423 907 535 958; x_wconf 89' lang='lat' dir='ltr'>composita,</span> <span class='ocrx_word' id='word_1_137' title='bbox 555 906 625 958; x_wconf 87' lang='lat' dir='ltr'>quibus</span> <span class='ocrx_word' id='word_1_138' title='bbox 644 910 664 944; x_wconf 90' lang='lat' dir='ltr'>te</span> <span class='ocrx_word' id='word_1_139' title='bbox 678 918 712 943; x_wconf 78' lang='lat' dir='ltr'>rex</span> <span class='ocrx_word' id='word_1_140' title='bbox 721 910 745 946; x_wconf 84' lang='lat'>15</span> 
     </span>
     <span class='ocr_line' id='line_1_17' title="bbox 62 961 711 1012; baseline -0.003 -14"><span class='ocrx_word' id='word_1_141' title='bbox 62 973 163 999; x_wconf 83' lang='lat' dir='ltr'>munerare</span> <span class='ocrx_word' id='word_1_142' title='bbox 180 961 311 1000; x_wconf 90' lang='lat' dir='ltr'>constituerat.</span> <span class='ocrx_word' id='word_1_143' title='bbox 340 961 384 1000; x_wconf 90' lang='lat' dir='ltr'>Huc</span> <span class='ocrx_word' id='word_1_144' title='bbox 401 966 421 999; x_wconf 92' lang='lat' dir='ltr'>te</span> <span class='ocrx_word' id='word_1_145' title='bbox 438 975 448 1000; x_wconf 89' lang='lat' dir='ltr'>e</span> <span class='ocrx_word' id='word_1_146' title='bbox 464 961 538 1005; x_wconf 86' lang='lat' dir='ltr'>balneo,</span> <span class='ocrx_word' id='word_1_147' title='bbox 553 961 666 1012; x_wconf 87' lang='lat' dir='ltr'>priusquam</span> <span class='ocrx_word' id='word_1_148' title='bbox 680 972 711 997; x_wconf 90' lang='lat' dir='ltr'>ac-</span> 
     </span>
     <span class='ocr_line' id='line_1_18' title="bbox 63 1014 711 1065; baseline -0.002 -13"><span class='ocrx_word' id='word_1_149' title='bbox 63 1015 170 1060; x_wconf 84' lang='lat' dir='ltr'>cnmberes,</span> <span class='ocrx_word' id='word_1_150' title='bbox 185 1016 255 1054; x_wconf 87' lang='lat' dir='ltr'>ducere</span> <span class='ocrx_word' id='word_1_151' title='bbox 270 1016 358 1054; x_wconf 88' lang='lat' dir='ltr'>volebat:</span> <span class='ocrx_word' id='word_1_152' title='bbox 376 1015 402 1053; x_wconf 93' lang='lat' dir='ltr'>ibi</span> <span class='ocrx_word' id='word_1_153' title='bbox 417 1016 466 1053; x_wconf 88' lang='lat' dir='ltr'>enim</span> <span class='ocrx_word' id='word_1_154' title='bbox 483 1020 537 1053; x_wconf 87' lang='lat' dir='ltr'>erant</span> <span class='ocrx_word' id='word_1_155' title='bbox 554 1014 627 1059; x_wconf 86' lang='lat' dir='ltr'>armati,</span> <span class='ocrx_word' id='word_1_156' title='bbox 642 1014 675 1065; x_wconf 87' lang='lat' dir='ltr'>qui</span> <span class='ocrx_word' id='word_1_157' title='bbox 691 1019 711 1052; x_wconf 89' lang='lat' dir='ltr'>te</span> 
     </span>
     <span class='ocr_line' id='line_1_19' title="bbox 62 1068 710 1121; baseline -0.002 -15"><span class='ocrx_word' id='word_1_158' title='bbox 62 1068 196 1114; x_wconf 82' lang='lat' dir='ltr'>interficerent,</span> <span class='ocrx_word' id='word_1_159' title='bbox 206 1070 225 1107; x_wconf 93' lang='lat' dir='ltr'>in</span> <span class='ocrx_word' id='word_1_160' title='bbox 235 1082 258 1107; x_wconf 92' lang='lat' dir='ltr'>eo</span> <span class='ocrx_word' id='word_1_161' title='bbox 268 1070 310 1121; x_wconf 92' lang='lat' dir='ltr'>ipso</span> <span class='ocrx_word' id='word_1_162' title='bbox 319 1070 362 1107; x_wconf 87' lang='grc'><strong>1000</strong></span> <span class='ocrx_word' id='word_1_163' title='bbox 372 1069 465 1108; x_wconf 87' lang='lat' dir='ltr'>collocati.</span> <span class='ocrx_word' id='word_1_164' title='bbox 487 1069 517 1106; x_wconf 88' lang='lat' dir='ltr'>En</span> <span class='ocrx_word' id='word_1_165' title='bbox 527 1069 604 1113; x_wconf 92' lang='lat' dir='ltr'>crimen,</span> <span class='ocrx_word' id='word_1_166' title='bbox 613 1081 636 1106; x_wconf 87' lang='lat' dir='ltr'>en</span> <span class='ocrx_word' id='word_1_167' title='bbox 646 1080 710 1112; x_wconf 88' lang='lat' dir='ltr'>cansa,</span> 
     </span>
     <span class='ocr_line' id='line_1_20' title="bbox 63 1122 710 1181; baseline -0.002 -21"><span class='ocrx_word' id='word_1_168' title='bbox 63 1136 97 1160; x_wconf 90' lang='lat' dir='ltr'>cur</span> <span class='ocrx_word' id='word_1_169' title='bbox 113 1136 179 1175; x_wconf 78' lang='lat' dir='ltr'>regem</span> <span class='ocrx_word' id='word_1_170' title='bbox 196 1124 294 1181; x_wconf 77' lang='lat' dir='ltr'>fpgitivus,</span> <span class='ocrx_word' id='word_1_171' title='bbox 312 1123 411 1161; x_wconf 78' lang='lat' dir='ltr'>dominrnn</span> <span class='ocrx_word' id='word_1_172' title='bbox 425 1136 491 1161; x_wconf 77' lang='lat' dir='ltr'>servms</span> <span class='ocrx_word' id='word_1_173' title='bbox 501 1128 584 1161; x_wconf 87' lang='lat' dir='ltr'>accuset.</span> <span class='ocrx_word' id='word_1_174' title='bbox 613 1122 657 1175; x_wconf 85' lang='lat' dir='ltr'>Ego</span> <span class='ocrx_word' id='word_1_175' title='bbox 671 1134 710 1159; x_wconf 89' lang='lat' dir='ltr'>me-</span> 
     </span>
     <span class='ocr_line' id='line_1_21' title="bbox 63 1176 745 1229; baseline 0.003 -15"><span class='ocrx_word' id='word_1_176' title='bbox 63 1176 156 1222; x_wconf 84' lang='lat' dir='ltr'>hercules,</span> <span class='ocrx_word' id='word_1_177' title='bbox 168 1177 239 1222; x_wconf 77' lang='lat' dir='ltr'>Oaesar,</span> <span class='ocrx_word' id='word_1_178' title='bbox 250 1177 307 1222; x_wconf 87' lang='lat' dir='ltr'>initio,</span> <span class='ocrx_word' id='word_1_179' title='bbox 318 1191 378 1229; x_wconf 86' lang='lat' dir='ltr'>quum</span> <span class='ocrx_word' id='word_1_180' title='bbox 389 1183 418 1216; x_wconf 87' lang='lat' dir='ltr'>cst</span> <span class='ocrx_word' id='word_1_181' title='bbox 434 1177 460 1215; x_wconf 88' lang='lat' dir='ltr'>ad</span> <span class='ocrx_word' id='word_1_182' title='bbox 476 1190 508 1215; x_wconf 85' lang='lat' dir='ltr'>me</span> <span class='ocrx_word' id='word_1_183' title='bbox 522 1178 559 1215; x_wconf 91' lang='lat' dir='ltr'>ista</span> <span class='ocrx_word' id='word_1_184' title='bbox 572 1189 630 1215; x_wconf 88' lang='lat' dir='ltr'>causa</span> <span class='ocrx_word' id='word_1_185' title='bbox 640 1176 710 1220; x_wconf 86' lang='lat' dir='ltr'>delata,</span> <span class='ocrx_word' id='word_1_186' title='bbox 720 1181 745 1216; x_wconf 66' lang='grc' dir='ltr'>ΞΟ</span> 
     </span>
     <span class='ocr_line' id='line_1_22' title="bbox 62 1230 711 1283; baseline 0 -15"><span class='ocrx_word' id='word_1_187' title='bbox 62 1230 182 1283; x_wconf 89' lang='lat' dir='ltr'>Phidippum</span> <span class='ocrx_word' id='word_1_188' title='bbox 192 1231 294 1276; x_wconf 88' lang='lat' dir='ltr'>medicum,</span> <span class='ocrx_word' id='word_1_189' title='bbox 305 1245 382 1270; x_wconf 87' lang='lat' dir='ltr'>servum</span> <span class='ocrx_word' id='word_1_190' title='bbox 392 1232 472 1283; x_wconf 80' lang='lat' dir='ltr'>regium,</span> <span class='ocrx_word' id='word_1_191' title='bbox 482 1231 515 1282; x_wconf 84' lang='lat' dir='ltr'>qui</span> <span class='ocrx_word' id='word_1_192' title='bbox 529 1245 573 1269; x_wconf 91' lang='lat' dir='ltr'>cum</span> <span class='ocrx_word' id='word_1_193' title='bbox 583 1231 651 1283; x_wconf 82' lang='lat' dir='ltr'>legatis</span> <span class='ocrx_word' id='word_1_194' title='bbox 666 1231 711 1268; x_wconf 86' lang='lat' dir='ltr'>nris-</span> 
     </span>
     <span class='ocr_line' id='line_1_23' title="bbox 62 1285 711 1337; baseline 0 -15"><span class='ocrx_word' id='word_1_195' title='bbox 62 1297 95 1323; x_wconf 89' lang='lat' dir='ltr'>sus</span> <span class='ocrx_word' id='word_1_196' title='bbox 114 1290 171 1330; x_wconf 87' lang='lat' dir='ltr'>esset,</span> <span class='ocrx_word' id='word_1_197' title='bbox 188 1287 212 1324; x_wconf 92' lang='lat' dir='ltr'>ab</span> <span class='ocrx_word' id='word_1_198' title='bbox 229 1285 266 1324; x_wconf 93' lang='lat' dir='ltr'>isto</span> <span class='ocrx_word' id='word_1_199' title='bbox 283 1287 404 1325; x_wconf 83' lang='lat' dir='ltr'>adolescente</span> <span class='ocrx_word' id='word_1_200' title='bbox 420 1298 461 1324; x_wconf 86' lang='lat' dir='ltr'>esse</span> <span class='ocrx_word' id='word_1_201' title='bbox 479 1290 597 1337; x_wconf 88' lang='lat' dir='ltr'>corruptum,</span> <span class='ocrx_word' id='word_1_202' title='bbox 615 1285 651 1323; x_wconf 88' lang='lat' dir='ltr'>hac</span> <span class='ocrx_word' id='word_1_203' title='bbox 668 1297 711 1322; x_wconf 89' lang='lat' dir='ltr'>snm</span> 
     </span>
     <span class='ocr_line' id='line_1_24' title="bbox 62 1339 711 1392; baseline 0 -16"><span class='ocrx_word' id='word_1_204' title='bbox 62 1339 170 1390; x_wconf 83' lang='lat' dir='ltr'>suspicione</span> <span class='ocrx_word' id='word_1_205' title='bbox 185 1353 299 1392; x_wconf 88' lang='lat' dir='ltr'>percussus:</span> <span class='ocrx_word' id='word_1_206' title='bbox 314 1340 410 1378; x_wconf 88' lang='lat' dir='ltr'>medicum</span> <span class='ocrx_word' id='word_1_207' title='bbox 420 1340 501 1378; x_wconf 89' lang='lat' dir='ltr'>indicem</span> <span class='ocrx_word' id='word_1_208' title='bbox 511 1339 636 1383; x_wconf 81' lang='lat' dir='ltr'>subornavit;</span> <span class='ocrx_word' id='word_1_209' title='bbox 650 1339 711 1390; x_wconf 86' lang='lat' dir='ltr'>finget</span> 
     </span>
     <span class='ocr_line' id='line_1_25' title="bbox 61 1392 710 1445; baseline -0.002 -14"><span class='ocrx_word' id='word_1_210' title='bbox 61 1392 150 1432; x_wconf 86' lang='lat' dir='ltr'>videlicet</span> <span class='ocrx_word' id='word_1_211' title='bbox 169 1394 247 1445; x_wconf 87' lang='lat' dir='ltr'>aliquod</span> <span class='ocrx_word' id='word_1_212' title='bbox 264 1395 334 1433; x_wconf 89' lang='lat' dir='ltr'>crimen</span> <span class='ocrx_word' id='word_1_213' title='bbox 353 1395 426 1432; x_wconf 87' lang='lat' dir='ltr'>veneni.</span> <span class='ocrx_word' id='word_1_214' title='bbox 460 1394 502 1432; x_wconf 86' lang='lat' dir='ltr'>Etsi</span> <span class='ocrx_word' id='word_1_215' title='bbox 520 1407 532 1432; x_wconf 87' lang='lat' dir='ltr'>a</span> <span class='ocrx_word' id='word_1_216' title='bbox 551 1393 631 1431; x_wconf 86' lang='lat' dir='ltr'>veritate</span> <span class='ocrx_word' id='word_1_217' title='bbox 647 1393 710 1445; x_wconf 82' lang='lat' dir='ltr'>longe,</span> 
     </span>
     <span class='ocr_line' id='line_1_26' title="bbox 61 1447 744 1489; baseline 0.006 -6"><span class='ocrx_word' id='word_1_218' title='bbox 61 1450 127 1485; x_wconf 88' lang='lat' dir='ltr'>tamen</span> <span class='ocrx_word' id='word_1_219' title='bbox 141 1460 152 1485; x_wconf 89' lang='lat' dir='ltr'>a</span> <span class='ocrx_word' id='word_1_220' title='bbox 162 1448 300 1486; x_wconf 89' lang='lat' dir='ltr'>consuetudine</span> <span class='ocrx_word' id='word_1_221' title='bbox 310 1448 422 1487; x_wconf 89' lang='lat' dir='ltr'>criminandi</span> <span class='ocrx_word' id='word_1_222' title='bbox 436 1461 473 1486; x_wconf 92' lang='lat' dir='ltr'>non</span> <span class='ocrx_word' id='word_1_223' title='bbox 488 1448 571 1486; x_wconf 90' lang='lat' dir='ltr'>multum</span> <span class='ocrx_word' id='word_1_224' title='bbox 580 1460 611 1485; x_wconf 89' lang='lat' dir='ltr'>res</span> <span class='ocrx_word' id='word_1_225' title='bbox 621 1447 711 1486; x_wconf 84' lang='lat' dir='ltr'>abhorre·</span> <span class='ocrx_word' id='word_1_226' title='bbox 719 1453 744 1489; x_wconf 79' lang='grc'>25</span> 
     </span>
     <span class='ocr_line' id='line_1_27' title="bbox 61 1500 711 1547; baseline 0.002 -9"><span class='ocrx_word' id='word_1_227' title='bbox 61 1500 102 1538; x_wconf 90' lang='lat' dir='ltr'>bat.</span> <span class='ocrx_word' id='word_1_228' title='bbox 138 1506 168 1540; x_wconf 83' lang='lat'>18.</span> <span class='ocrx_word' id='word_1_229' title='bbox 184 1501 235 1547; x_wconf 77' lang='lat' dir='ltr'>Quid</span> <span class='ocrx_word' id='word_1_230' title='bbox 251 1502 277 1540; x_wconf 90' lang='lat' dir='ltr'>ait</span> <span class='ocrx_word' id='word_1_231' title='bbox 293 1502 395 1540; x_wconf 74' lang='lat' dir='ltr'>medicus?</span> <span class='ocrx_word' id='word_1_232' title='bbox 429 1502 482 1540; x_wconf 87' lang='lat' dir='ltr'>Nihil</span> <span class='ocrx_word' id='word_1_233' title='bbox 497 1502 522 1540; x_wconf 91' lang='lat' dir='ltr'>de</span> <span class='ocrx_word' id='word_1_234' title='bbox 538 1514 617 1540; x_wconf 85' lang='lat' dir='ltr'>veneno.</span> <span class='ocrx_word' id='word_1_235' title='bbox 645 1502 675 1539; x_wconf 85' lang='lat' dir='ltr'>At</span> <span class='ocrx_word' id='word_1_236' title='bbox 690 1501 711 1539; x_wconf 90' lang='lat' dir='ltr'>id</span> 
     </span>
     <span class='ocr_line' id='line_1_28' title="bbox 61 1553 711 1608; baseline 0.002 -17"><span class='ocrx_word' id='word_1_237' title='bbox 61 1553 101 1592; x_wconf 86' lang='lat' dir='ltr'>fieri</span> <span class='ocrx_word' id='word_1_238' title='bbox 118 1556 181 1607; x_wconf 86' lang='lat' dir='ltr'>potuit</span> <span class='ocrx_word' id='word_1_239' title='bbox 198 1556 260 1607; x_wconf 90' lang='lat' dir='ltr'>primo</span> <span class='ocrx_word' id='word_1_240' title='bbox 277 1556 370 1594; x_wconf 85' lang='lat' dir='ltr'>occultius</span> <span class='ocrx_word' id='word_1_241' title='bbox 387 1556 407 1594; x_wconf 92' lang='lat' dir='ltr'>in</span> <span class='ocrx_word' id='word_1_242' title='bbox 422 1557 505 1608; x_wconf 85' lang='lat' dir='ltr'>potione,</span> <span class='ocrx_word' id='word_1_243' title='bbox 525 1556 544 1594; x_wconf 92' lang='lat' dir='ltr'>in</span> <span class='ocrx_word' id='word_1_244' title='bbox 561 1556 617 1600; x_wconf 83' lang='lat' dir='ltr'>cibo;</span> <span class='ocrx_word' id='word_1_245' title='bbox 642 1554 711 1593; x_wconf 87' lang='lat' dir='ltr'>deinde</span> 
     </span>
     <span class='ocr_line' id='line_1_29' title="bbox 61 1608 709 1662; baseline 0.002 -17"><span class='ocrx_word' id='word_1_246' title='bbox 61 1608 118 1646; x_wconf 87' lang='lat' dir='ltr'>etiam</span> <span class='ocrx_word' id='word_1_247' title='bbox 135 1610 231 1660; x_wconf 87' lang='lat' dir='ltr'>impunius</span> <span class='ocrx_word' id='word_1_248' title='bbox 241 1610 268 1654; x_wconf 84' lang='lat' dir='ltr'>fit,</span> <span class='ocrx_word' id='word_1_249' title='bbox 279 1610 332 1661; x_wconf 85' lang='lat' dir='ltr'>quod</span> <span class='ocrx_word' id='word_1_250' title='bbox 347 1623 406 1660; x_wconf 79' lang='lat' dir='ltr'>qtium</span> <span class='ocrx_word' id='word_1_251' title='bbox 422 1616 451 1648; x_wconf 90' lang='lat' dir='ltr'>est</span> <span class='ocrx_word' id='word_1_252' title='bbox 466 1610 544 1655; x_wconf 86' lang='lat' dir='ltr'>factum,</span> <span class='ocrx_word' id='word_1_253' title='bbox 558 1610 625 1662; x_wconf 81' lang='lat' dir='ltr'>negari</span> <span class='ocrx_word' id='word_1_254' title='bbox 640 1613 709 1661; x_wconf 88' lang='lat' dir='ltr'>potest.</span> 
     </span>
     <span class='ocr_line' id='line_1_30' title="bbox 61 1661 710 1716; baseline 0.002 -17"><span class='ocrx_word' id='word_1_255' title='bbox 61 1661 81 1699; x_wconf 77' lang='lat' dir='ltr'>si</span> <span class='ocrx_word' id='word_1_256' title='bbox 91 1663 156 1713; x_wconf 84' lang='lat' dir='ltr'>palam</span> <span class='ocrx_word' id='word_1_257' title='bbox 171 1668 191 1702; x_wconf 89' lang='lat' dir='ltr'>te</span> <span class='ocrx_word' id='word_1_258' title='bbox 205 1662 337 1708; x_wconf 86' lang='lat' dir='ltr'>interemisset,</span> <span class='ocrx_word' id='word_1_259' title='bbox 348 1665 432 1701; x_wconf 89' lang='lat' dir='ltr'>omniurn</span> <span class='ocrx_word' id='word_1_260' title='bbox 443 1664 462 1701; x_wconf 95' lang='lat' dir='ltr'>in</span> <span class='ocrx_word' id='word_1_261' title='bbox 472 1677 493 1701; x_wconf 83' lang='lat' dir='ltr'>se</span> <span class='ocrx_word' id='word_1_262' title='bbox 502 1664 588 1716; x_wconf 80' lang='lat' dir='ltr'>gentium</span> <span class='ocrx_word' id='word_1_263' title='bbox 599 1676 637 1700; x_wconf 89' lang='lat' dir='ltr'>non</span> <span class='ocrx_word' id='word_1_264' title='bbox 648 1663 710 1700; x_wconf 87' lang='lat' dir='ltr'>solnm</span> 
     </span>
     <span class='ocr_line' id='line_1_31' title="bbox 61 1715 743 1762; baseline 0.007 -9"><span class='ocrx_word' id='word_1_265' title='bbox 61 1715 109 1760; x_wconf 86' lang='lat' dir='ltr'>odia,</span> <span class='ocrx_word' id='word_1_266' title='bbox 127 1716 161 1754; x_wconf 89' lang='lat' dir='ltr'>sed</span> <span class='ocrx_word' id='word_1_267' title='bbox 178 1717 236 1755; x_wconf 90' lang='lat' dir='ltr'>etiam</span> <span class='ocrx_word' id='word_1_268' title='bbox 253 1730 306 1755; x_wconf 87' lang='lat' dir='ltr'>arma</span> <span class='ocrx_word' id='word_1_269' title='bbox 323 1717 458 1762; x_wconf 85' lang='lat' dir='ltr'>convertisset;</span> <span class='ocrx_word' id='word_1_270' title='bbox 480 1718 495 1755; x_wconf 93' lang='lat' dir='ltr'>si</span> <span class='ocrx_word' id='word_1_271' title='bbox 512 1729 590 1761; x_wconf 71' lang='lat' dir='ltr'>veneno</span> <span class='ocrx_word' id='word_1_272' title='bbox 608 1717 661 1755; x_wconf 81' lang='lat' dir='ltr'>Jovis</span> <span class='ocrx_word' id='word_1_273' title='bbox 678 1716 709 1755; x_wconf 88' lang='lat' dir='ltr'>ille</span> <span class='ocrx_word' id='word_1_274' title='bbox 717 1723 743 1757; x_wconf 84' lang='lat'>30</span> 
     </span>
     <span class='ocr_line' id='line_1_32' title="bbox 61 1769 709 1822; baseline 0.002 -15"><span class='ocrx_word' id='word_1_275' title='bbox 61 1769 138 1821; x_wconf 89' lang='lat' dir='ltr'>quidem</span> <span class='ocrx_word' id='word_1_276' title='bbox 148 1770 248 1822; x_wconf 86' lang='lat' dir='ltr'>hospitalis</span> <span class='ocrx_word' id='word_1_277' title='bbox 257 1783 328 1809; x_wconf 89' lang='lat' dir='ltr'>numen</span> <span class='ocrx_word' id='word_1_278' title='bbox 337 1783 436 1822; x_wconf 85' lang='lat' dir='ltr'>nunquam</span> <span class='ocrx_word' id='word_1_279' title='bbox 444 1771 505 1810; x_wconf 86' lang='lat' dir='ltr'>celare</span> <span class='ocrx_word' id='word_1_280' title='bbox 516 1771 615 1822; x_wconf 87' lang='lat' dir='ltr'>potuisset,</span> <span class='ocrx_word' id='word_1_281' title='bbox 622 1771 709 1809; x_wconf 89' lang='lat' dir='ltr'>homines</span> 
     </span>
     <span class='ocr_line' id='line_1_33' title="bbox 60 1823 709 1877; baseline 0.003 -17"><span class='ocrx_word' id='word_1_282' title='bbox 60 1823 142 1862; x_wconf 83' lang='lat' dir='ltr'>fortasse</span> <span class='ocrx_word' id='word_1_283' title='bbox 152 1824 238 1863; x_wconf 80' lang='lat' dir='ltr'>celasset.</span> <span class='ocrx_word' id='word_1_284' title='bbox 263 1825 320 1870; x_wconf 73' lang='lat' dir='ltr'>Quod</span> <span class='ocrx_word' id='word_1_285' title='bbox 330 1825 389 1877; x_wconf 82' lang='lat' dir='ltr'>igitur</span> <span class='ocrx_word' id='word_1_286' title='bbox 399 1830 419 1863; x_wconf 91' lang='lat' dir='ltr'>et</span> <span class='ocrx_word' id='word_1_287' title='bbox 428 1825 492 1864; x_wconf 89' lang='lat' dir='ltr'>conari</span> <span class='ocrx_word' id='word_1_288' title='bbox 502 1825 595 1864; x_wconf 86' lang='lat' dir='ltr'>occultius</span> <span class='ocrx_word' id='word_1_289' title='bbox 606 1831 625 1863; x_wconf 89' lang='lat' dir='ltr'>et</span> <span class='ocrx_word' id='word_1_290' title='bbox 635 1824 709 1863; x_wconf 90' lang='lat' dir='ltr'>efficere</span> 
     </span>
     <span class='ocr_line' id='line_1_34' title="bbox 61 1878 709 1931; baseline 0.003 -17"><span class='ocrx_word' id='word_1_291' title='bbox 61 1878 135 1915; x_wconf 89' lang='lat' dir='ltr'>cautius</span> <span class='ocrx_word' id='word_1_292' title='bbox 145 1878 214 1929; x_wconf 87' lang='lat' dir='ltr'>potuit,</span> <span class='ocrx_word' id='word_1_293' title='bbox 225 1878 245 1916; x_wconf 91' lang='lat' dir='ltr'>id</span> <span class='ocrx_word' id='word_1_294' title='bbox 259 1879 300 1923; x_wconf 92' lang='lat' dir='ltr'>tibi,</span> <span class='ocrx_word' id='word_1_295' title='bbox 311 1884 331 1917; x_wconf 91' lang='lat' dir='ltr'>et</span> <span class='ocrx_word' id='word_1_296' title='bbox 340 1879 415 1918; x_wconf 90' lang='lat' dir='ltr'>medico</span> <span class='ocrx_word' id='word_1_297' title='bbox 426 1879 495 1917; x_wconf 86' lang='lat' dir='ltr'>callido</span> <span class='ocrx_word' id='word_1_298' title='bbox 510 1885 529 1918; x_wconf 86' lang='lat' dir='ltr'>et</span> <span class='ocrx_word' id='word_1_299' title='bbox 544 1892 605 1923; x_wconf 85' lang='lat' dir='ltr'>servo,</span> <span class='ocrx_word' id='word_1_300' title='bbox 616 1884 638 1916; x_wconf 91' lang='lat' dir='ltr'>ut</span> <span class='ocrx_word' id='word_1_301' title='bbox 653 1883 709 1931; x_wconf 88' lang='lat' dir='ltr'>puta-</span> 
     </span>
     <span class='ocr_line' id='line_1_35' title="bbox 60 1931 710 1978; baseline 0.005 -10"><span class='ocrx_word' id='word_1_302' title='bbox 60 1931 99 1975; x_wconf 84' lang='lat' dir='ltr'>bat,</span> <span class='ocrx_word' id='word_1_303' title='bbox 116 1932 173 1978; x_wconf 85' lang='lat' dir='ltr'>fideli,</span> <span class='ocrx_word' id='word_1_304' title='bbox 189 1945 228 1971; x_wconf 92' lang='lat' dir='ltr'>non</span> <span class='ocrx_word' id='word_1_305' title='bbox 245 1933 341 1972; x_wconf 73' lang='lat' dir='ltr'>credidit?</span> <span class='ocrx_word' id='word_1_306' title='bbox 363 1933 387 1971; x_wconf 90' lang='lat' dir='ltr'>de</span> <span class='ocrx_word' id='word_1_307' title='bbox 403 1934 466 1978; x_wconf 88' lang='lat' dir='ltr'>armis,</span> <span class='ocrx_word' id='word_1_308' title='bbox 484 1933 508 1971; x_wconf 86' lang='lat' dir='ltr'>de</span> <span class='ocrx_word' id='word_1_309' title='bbox 523 1934 580 1978; x_wconf 83' lang='lat' dir='ltr'>ferro,</span> <span class='ocrx_word' id='word_1_310' title='bbox 598 1934 622 1971; x_wconf 84' lang='lat' dir='ltr'>de</span> <span class='ocrx_word' id='word_1_311' title='bbox 637 1933 710 1971; x_wconf 90' lang='lat' dir='ltr'>insidiis</span> 
     </span>
     <span class='ocr_line' id='line_1_36' title="bbox 61 1985 743 2039; baseline 0.009 -17"><span class='ocrx_word' id='word_1_312' title='bbox 61 1985 122 2024; x_wconf 88' lang='lat' dir='ltr'>celare</span> <span class='ocrx_word' id='word_1_313' title='bbox 133 1991 152 2024; x_wconf 91' lang='lat' dir='ltr'>te</span> <span class='ocrx_word' id='word_1_314' title='bbox 161 1986 237 2025; x_wconf 67' lang='lat' dir='ltr'>noluit?</span> <span class='ocrx_word' id='word_1_315' title='bbox 267 1992 298 2026; x_wconf 82' lang='grc'>19.</span> <span class='ocrx_word' id='word_1_316' title='bbox 313 1987 342 2025; x_wconf 80' lang='lat' dir='ltr'>At</span> <span class='ocrx_word' id='word_1_317' title='bbox 352 2000 410 2039; x_wconf 88' lang='lat' dir='ltr'>quam</span> <span class='ocrx_word' id='word_1_318' title='bbox 424 1988 492 2026; x_wconf 82' lang='lat' dir='ltr'>festive</span> <span class='ocrx_word' id='word_1_319' title='bbox 503 1988 574 2026; x_wconf 86' lang='lat' dir='ltr'>crimen</span> <span class='ocrx_word' id='word_1_320' title='bbox 591 1987 709 2026; x_wconf 75' lang='lat' dir='ltr'>contexitur!</span> <span class='ocrx_word' id='word_1_321' title='bbox 718 1994 743 2029; x_wconf 83' lang='lat'>35</span> 
     </span>
     <span class='ocr_line' id='line_1_37' title="bbox 60 2038 709 2094; baseline 0.005 -19"><span class='ocrx_word' id='word_1_322' title='bbox 60 2038 101 2076; x_wconf 81' lang='lat' dir='ltr'>Tua</span> <span class='ocrx_word' id='word_1_323' title='bbox 111 2045 136 2085; x_wconf 88' lang='lat' dir='ltr'>te,</span> <span class='ocrx_word' id='word_1_324' title='bbox 147 2039 213 2092; x_wconf 82' lang='lat' dir='ltr'>inquit,</span> <span class='ocrx_word' id='word_1_325' title='bbox 225 2041 298 2086; x_wconf 87' lang='lat' dir='ltr'>eadem,</span> <span class='ocrx_word' id='word_1_326' title='bbox 309 2054 353 2093; x_wconf 87' lang='lat' dir='ltr'>qnae</span> <span class='ocrx_word' id='word_1_327' title='bbox 362 2054 444 2094; x_wconf 89' lang='lat' dir='ltr'>semper,</span> <span class='ocrx_word' id='word_1_328' title='bbox 454 2042 532 2080; x_wconf 81' lang='lat' dir='ltr'>fortuna</span> <span class='ocrx_word' id='word_1_329' title='bbox 542 2042 635 2080; x_wconf 88' lang='lat' dir='ltr'>servavit:</span> <span class='ocrx_word' id='word_1_330' title='bbox 651 2054 709 2094; x_wconf 80' lang='lat' dir='ltr'>nega-</span> 
     </span>
     <span class='ocr_line' id='line_1_38' title="bbox 60 2092 353 2146; baseline 0.017 -17"><span class='ocrx_word' id='word_1_331' title='bbox 60 2092 103 2130; x_wconf 82' lang='lat' dir='ltr'>visti</span> <span class='ocrx_word' id='word_1_332' title='bbox 113 2098 156 2132; x_wconf 87' lang='lat' dir='ltr'>tum</span> <span class='ocrx_word' id='word_1_333' title='bbox 164 2099 185 2132; x_wconf 93' lang='lat' dir='ltr'>te</span> <span class='ocrx_word' id='word_1_334' title='bbox 194 2094 288 2146; x_wconf 81' lang='lat' dir='ltr'>inspicare</span> <span class='ocrx_word' id='word_1_335' title='bbox 298 2096 353 2134; x_wconf 87' lang='lat' dir='ltr'>velle.</span> 
     </span>
    </p>

    <p class='ocr_par' dir='ltr' id='par_1_4' title="bbox 59 2146 743 2526">
     <span class='ocr_line' id='line_1_39' title="bbox 87 2146 710 2202; baseline 0.005 -18"><span class='ocrx_word' id='word_1_336' title='bbox 87 2146 134 2185; x_wconf 89' lang='lat' dir='ltr'>Vll.</span> <span class='ocrx_word' id='word_1_337' title='bbox 149 2148 201 2193; x_wconf 77' lang='lat' dir='ltr'>Quid</span> <span class='ocrx_word' id='word_1_338' title='bbox 218 2150 302 2200; x_wconf 78' lang='lat' dir='ltr'>postea‘.&gt;</span> <span class='ocrx_word' id='word_1_339' title='bbox 323 2162 347 2187; x_wconf 90' lang='lat' dir='ltr'>an</span> <span class='ocrx_word' id='word_1_340' title='bbox 364 2150 467 2188; x_wconf 87' lang='lat' dir='ltr'>Deiotarus</span> <span class='ocrx_word' id='word_1_341' title='bbox 483 2163 504 2188; x_wconf 93' lang='lat' dir='ltr'>re</span> <span class='ocrx_word' id='word_1_342' title='bbox 518 2150 550 2188; x_wconf 89' lang='lat' dir='ltr'>illo</span> <span class='ocrx_word' id='word_1_343' title='bbox 567 2154 655 2202; x_wconf 89' lang='lat' dir='ltr'>tempore</span> <span class='ocrx_word' id='word_1_344' title='bbox 671 2162 710 2187; x_wconf 91' lang='lat' dir='ltr'>non</span> 
     </span>
     <span class='ocr_line' id='line_1_40' title="bbox 60 2200 709 2250; baseline 0.005 -13"><span class='ocrx_word' id='word_1_345' title='bbox 60 2200 146 2250; x_wconf 85' lang='lat' dir='ltr'>perlecta</span> <span class='ocrx_word' id='word_1_346' title='bbox 156 2202 246 2241; x_wconf 90' lang='lat' dir='ltr'>continuo</span> <span class='ocrx_word' id='word_1_347' title='bbox 256 2202 327 2242; x_wconf 86' lang='lat' dir='ltr'>dimisit</span> <span class='ocrx_word' id='word_1_348' title='bbox 341 2204 461 2242; x_wconf 73' lang='lat' dir='ltr'>exereitum?</span> <span class='ocrx_word' id='word_1_349' title='bbox 476 2204 540 2242; x_wconf 90' lang='lat' dir='ltr'>nullus</span> <span class='ocrx_word' id='word_1_350' title='bbox 550 2208 591 2242; x_wconf 86' lang='lat' dir='ltr'>erat</span> <span class='ocrx_word' id='word_1_351' title='bbox 605 2203 653 2241; x_wconf 89' lang='lat' dir='ltr'>alius</span> <span class='ocrx_word' id='word_1_352' title='bbox 665 2203 709 2241; x_wconf 89' lang='lat' dir='ltr'>insi-</span> 
     </span>
     <span class='ocr_line' id='line_1_41' title="bbox 61 2252 743 2309; baseline 0.012 -19"><span class='ocrx_word' id='word_1_353' title='bbox 61 2252 126 2291; x_wconf 85' lang='lat' dir='ltr'>diandi</span> <span class='ocrx_word' id='word_1_354' title='bbox 135 2254 204 2294; x_wconf 73' lang='lat' dir='ltr'>locus?</span> <span class='ocrx_word' id='word_1_355' title='bbox 233 2257 262 2295; x_wconf 90' lang='lat' dir='ltr'>At</span> <span class='ocrx_word' id='word_1_356' title='bbox 278 2258 346 2296; x_wconf 90' lang='lat' dir='ltr'>eodem</span> <span class='ocrx_word' id='word_1_357' title='bbox 360 2263 385 2303; x_wconf 88' lang='lat' dir='ltr'>te,</span> <span class='ocrx_word' id='word_1_358' title='bbox 396 2270 455 2309; x_wconf 88' lang='lat' dir='ltr'>quum</span> <span class='ocrx_word' id='word_1_359' title='bbox 470 2258 591 2301; x_wconf 88' lang='lat' dir='ltr'>coenavisses,</span> <span class='ocrx_word' id='word_1_360' title='bbox 602 2257 709 2295; x_wconf 89' lang='lat' dir='ltr'>rediturum</span> <span class='ocrx_word' id='word_1_361' title='bbox 717 2262 743 2298; x_wconf 82' lang='grc'>40</span> 
     </span>
     <span class='ocr_line' id='line_1_42' title="bbox 60 2305 708 2360; baseline 0.009 -17"><span class='ocrx_word' id='word_1_362' title='bbox 60 2305 146 2345; x_wconf 79' lang='lat' dir='ltr'>dixeras:</span> <span class='ocrx_word' id='word_1_363' title='bbox 160 2308 226 2360; x_wconf 85' lang='lat' dir='ltr'>itaque</span> <span class='ocrx_word' id='word_1_364' title='bbox 235 2310 301 2350; x_wconf 86' lang='lat' dir='ltr'>fecisti.</span> <span class='ocrx_word' id='word_1_365' title='bbox 331 2311 404 2350; x_wconf 84' lang='lat' dir='ltr'>Horam</span> <span class='ocrx_word' id='word_1_366' title='bbox 414 2324 472 2349; x_wconf 85' lang='lat' dir='ltr'>unam</span> <span class='ocrx_word' id='word_1_367' title='bbox 482 2317 516 2349; x_wconf 89' lang='lat' dir='ltr'>aut</span> <span class='ocrx_word' id='word_1_368' title='bbox 526 2311 574 2349; x_wconf 87' lang='lat' dir='ltr'>duas</span> <span class='ocrx_word' id='word_1_369' title='bbox 584 2310 652 2348; x_wconf 91' lang='lat' dir='ltr'>eodem</span> <span class='ocrx_word' id='word_1_370' title='bbox 666 2310 708 2349; x_wconf 90' lang='lat' dir='ltr'>loco</span> 
     </span>
     <span class='ocr_line' id='line_1_43' title="bbox 60 2364 709 2418; baseline 0.009 -21"><span class='ocrx_word' id='word_1_371' title='bbox 60 2365 149 2406; x_wconf 87' lang='lat' dir='ltr'>armatos,</span> <span class='ocrx_word' id='word_1_372' title='bbox 160 2367 183 2399; x_wconf 89' lang='lat' dir='ltr'>ut</span> <span class='ocrx_word' id='word_1_373' title='bbox 193 2364 280 2403; x_wconf 84' lang='lat' dir='ltr'>collocat-i</span> <span class='ocrx_word' id='word_1_374' title='bbox 287 2366 370 2411; x_wconf 80' lang='lat' dir='ltr'>fuerant,</span> <span class='ocrx_word' id='word_1_375' title='bbox 381 2367 461 2404; x_wconf 82' lang='lat' dir='ltr'>retinere</span> <span class='ocrx_word' id='word_1_376' title='bbox 468 2378 560 2418; x_wconf 81' lang='lat' dir='ltr'>magnum</span> <span class='ocrx_word' id='word_1_377' title='bbox 570 2365 621 2402; x_wconf 75' lang='lat' dir='ltr'>funt</span> <span class='ocrx_word' id='word_1_378' title='bbox 643 2365 709 2411; x_wconf 74' lang='lat' dir='ltr'>Quum</span> 
     </span>
     <span class='ocr_line' id='line_1_44' title="bbox 59 2413 708 2472; baseline 0.011 -21"><span class='ocrx_word' id='word_1_379' title='bbox 59 2413 78 2451; x_wconf 90' lang='lat' dir='ltr'>in</span> <span class='ocrx_word' id='word_1_380' title='bbox 97 2415 183 2454; x_wconf 89' lang='lat' dir='ltr'>convivio</span> <span class='ocrx_word' id='word_1_381' title='bbox 200 2418 280 2457; x_wconf 88' lang='lat' dir='ltr'>comiter</span> <span class='ocrx_word' id='word_1_382' title='bbox 297 2424 317 2458; x_wconf 88' lang='lat' dir='ltr'>et</span> <span class='ocrx_word' id='word_1_383' title='bbox 331 2420 418 2472; x_wconf 87' lang='lat' dir='ltr'>jucunde</span> <span class='ocrx_word' id='word_1_384' title='bbox 433 2420 506 2464; x_wconf 84' lang='lat' dir='ltr'>fuisses,</span> <span class='ocrx_word' id='word_1_385' title='bbox 517 2424 559 2457; x_wconf 85' lang='lat' dir='ltr'>turn</span> <span class='ocrx_word' id='word_1_386' title='bbox 573 2419 618 2457; x_wconf 91' lang='lat' dir='ltr'>illuc</span> <span class='ocrx_word' id='word_1_387' title='bbox 632 2419 669 2463; x_wconf 87' lang='lat' dir='ltr'>isti,</span> <span class='ocrx_word' id='word_1_388' title='bbox 685 2424 708 2458; x_wconf 87' lang='lat' dir='ltr'>ut</span> 
     </span>
     <span class='ocr_line' id='line_1_45' title="bbox 60 2466 708 2526; baseline 0.009 -20"><span class='ocrx_word' id='word_1_389' title='bbox 60 2466 140 2508; x_wconf 82' lang='lat' dir='ltr'>dixeras.</span> <span class='ocrx_word' id='word_1_390' title='bbox 170 2470 213 2517; x_wconf 75' lang='lat' dir='ltr'>Quo</span> <span class='ocrx_word' id='word_1_391' title='bbox 228 2471 247 2509; x_wconf 94' lang='lat' dir='ltr'>in</span> <span class='ocrx_word' id='word_1_392' title='bbox 261 2472 303 2512; x_wconf 85' lang='lat' dir='ltr'>loco</span> <span class='ocrx_word' id='word_1_393' title='bbox 313 2474 427 2512; x_wconf 87' lang='lat' dir='ltr'>Deiotarum</span> <span class='ocrx_word' id='word_1_394' title='bbox 436 2474 495 2512; x_wconf 87' lang='lat' dir='ltr'>talem</span> <span class='ocrx_word' id='word_1_395' title='bbox 505 2486 551 2526; x_wconf 80' lang='lat' dir='ltr'>erga</span> <span class='ocrx_word' id='word_1_396' title='bbox 564 2478 585 2512; x_wconf 92' lang='lat' dir='ltr'>te</span> <span class='ocrx_word' id='word_1_397' title='bbox 595 2472 708 2526; x_wconf 80' lang='lat' dir='ltr'>cognovisti,</span> 
     </span>
    </p>

    <p class='ocr_par' dir='ltr' id='par_1_5' title="bbox 372 2527 396 2566">
     <span class='ocr_line' id='line_1_46' title="bbox 372 2527 396 2566; baseline 0 -17"><span class='ocrx_word' id='word_1_398' title='bbox 372 2527 396 2566; x_wconf 69' lang='grc'>8*</span> 
     </span>
    </p>
   </div>
   <div class='ocr_carea' id='block_1_3' title="bbox 0 0 874 2673">
    <p class='ocr_par' dir='ltr' id='par_1_6' title="bbox 0 0 874 2673">
     <span class='ocr_line' id='line_1_47' title="bbox 0 0 874 2673; baseline 0 1"><span class='ocrx_word' id='word_1_399' title='bbox 0 0 874 2673; x_wconf 95' lang='lat' dir='ltr'> </span> 
     </span>
    </p>
   </div>
  </div>
 </body>
</html>
