1738 2673
257 69 296 96 rao
306 71 324 101 o.
334 69 423 101 arcturo,
434 69 479 95 cnr.
489 70 516 102 rx,
525 71 545 96 x.
728 64 753 100 81

74 156 172 210 provincia
188 157 292 196 venissetis.
327 157 413 196 Venistis
430 158 455 196 ad
471 157 591 209 Pompeium.
627 159 675 204 Quae
692 164 721 197 est

74 224 121 264 ergo
136 211 188 262 apud
205 211 301 250 Oaesarem
315 211 398 262 querela,
409 225 468 263 quum
482 224 527 250 eum
543 212 643 257 accusetis,
654 225 666 249 a
682 226 721 263 quo

74 265 178 317 queramini
194 266 301 317 prohibitos
311 279 345 304 vos
355 272 421 304 contra
435 265 532 304 Uaesarem
548 279 615 318 gerere
632 266 720 305 bellum?

73 322 140 371 Atque
148 319 167 356 in
176 319 213 357 hoc
223 319 301 370 quidem
307 320 338 357 vel
348 333 392 357 cum
401 319 507 365 mendacio,
518 320 534 358 si
544 320 607 365 vultis,
615 320 720 372 gloriemini

73 386 108 425 per
118 386 149 411 me
158 373 203 411 licet
210 386 244 411 vos
250 373 366 424 provinciam
373 374 432 412 fuisse
440 373 512 411 Oaesari
522 374 631 412 tradituros.
646 373 718 412 Etiam·
727 380 738 414 5

73 427 111 465 sia
125 427 178 464 Varo
188 432 208 465 et
224 440 235 464 a
252 427 368 479 quibusdam
385 428 425 465 aliis
441 427 532 479 prohibiti
542 427 593 472 estis,
604 441 640 480 ego
654 432 720 466 tamen

73 481 178 519 confitebor
188 481 265 531 culpam
278 493 320 519 esse
334 481 410 533 Ligarii,
422 481 454 533 qui
468 494 501 519 vos
516 487 577 520 tanta
587 481 649 519 laudis
664 494 719 520 occa·

73 535 125 573 sione
135 534 242 586 privaverit.

99 589 133 627 IX.
150 593 180 627 26.
196 588 235 626 Sed
245 588 294 633 vide,
305 601 376 640 quaeso,
388 588 459 634 Caesar,
468 589 595 627 constantiam
605 589 719 627 ornatissimi

72 642 112 687 viri,
124 643 145 681 L.
156 642 272 681 Tuberonis:
287 655 345 694 quam
359 655 401 694 ego,
412 643 499 693 quamvis
516 643 557 693 ipse
572 643 679 694 probarem,
697 647 751 682 utro

71 698 138 747 probo,
150 701 262 734 tamennon
272 708 447 739 commemorarem,
458 696 493 733 nisi
507 708 518 733 a
528 702 547 734 te
557 697 689 748 cognovissem
699 696 718 733 in

72 750 137 802 primis
154 762 196 788 eam
206 749 297 788 virtutem
311 749 372 788 solere
386 749 465 787 laudari.
495 749 544 795 Quae
559 750 596 787 luit
610 750 669 801 igitur
683 763 717 787 un-

71 816 130 855 quam
143 804 166 842 in.
171 804 211 841 ullo
225 803 301 842 homine
313 809 366 841 tanta
377 803 499 841 constantia?
514 804 641 841 constantiam
657 803 717 841 dico?

71 857 252 903 nesciae-melius
270 857 381 909 patientiam
397 858 469 908 possim
484 857 552 895 dicere.
582 857 657 902 Quotus
667 857 717 894 enim

70 911 122 949 istud
132 912 212 963 quisque
226 910 308 955 fecisset,
318 916 345 955 ut,
354 923 366 947 a
375 911 444 961 quibus
458 910 477 948 in
491 911 606 949 dissensione
617 910 665 949 civili
679 923 717 949 non
725 917 749 952 15

71 971 121 1003 essct
131 970 226 1017 receptus,
237 970 288 1003 esset
298 965 355 1003 etiam
365 978 409 1002 cum
419 964 532 1003 crudelitate
544 965 633 1017 rejectus,
644 964 669 1002 ad
684 977 717 1002 eos

70 1019 123 1071 ipsos
141 1019 227 1057 rediret‘l
264 1018 330 1071 Magni
347 1018 447 1069 cujusdam
465 1018 521 1056 animi
537 1024 596 1070 atque
615 1019 657 1069 ejus
676 1018 716 1063 viri,

71 1086 128 1124 quem
138 1073 163 1110 de
173 1077 264 1124 suscepta
278 1084 335 1110 causa
350 1072 486 1123 propositaque
497 1072 591 1110 sententia
604 1073 658 1110 nulla
672 1085 716 1109 con-

71 1127 154 1171 tumelia,
165 1126 217 1164 nulla
227 1126 260 1170 vis,
271 1126 345 1163 nullum
359 1126 466 1177 periculum
480 1126 541 1177 possit
553 1125 654 1177 depellere.
685 1126 715 1164 27.

70 1179 99 1217 Ut
116 1181 166 1217 enim
176 1185 239 1218 cetera
248 1179 301 1231 paria
317 1179 413 1217 Tuberoni
427 1192 471 1217 cum
483 1179 536 1217 Varo
552 1179 638 1224 fuissent,
649 1180 715 1224 honos,
724 1185 749 1220 20

70 1234 164 1279 nobilitas,
175 1233 272 1283 splendor,
280 1232 383 1284 ingenium,
394 1245 436 1283 quae
447 1246 568 1284 nequaquam
573 1234 651 1271 fuerunt
660 1246 664 1277 3
679 1234 716 1272 hoc

11 1284 21 1294 ’”
71 1293 122 1325 certe
139 1288 260 1339 praecipuum
277 1287 387 1332 Tuberonis,
403 1287 455 1338 quod
470 1287 523 1338 justo
540 1299 584 1324 cum
598 1287 678 1338 imperio
693 1300 716 1325 ex

70 1347 148 1379 senatus
158 1341 245 1379 consulto
255 1340 274 1378 in
284 1341 400 1392 provinciam
410 1353 465 1378 suam
475 1347 558 1378 venerat.
587 1340 637 1379 Hinc
651 1341 715 1392 prohi-

70 1394 122 1433 bitus
131 1407 169 1433 non
179 1395 204 1433 ad
215 1395 317 1439 Oaesarem,
327 1407 351 1432 ne
360 1395 426 1439 iratus,
436 1408 474 1432 non
482 1394 568 1439 domum,
579 1408 603 1432 ne
612 1395 667 1439 iners,
678 1408 716 1433 non

70 1447 88 1485 in
98 1449 181 1500 aliquam
197 1449 300 1500 regionem,
312 1461 335 1486 ne
350 1448 476 1486 condemnare
492 1461 569 1487 causam
583 1449 641 1493 illam,
657 1461 715 1500 quam
724 1455 748 1491 25

70 1507 147 1540 secutus
162 1508 218 1547 esset,
231 1502 338 1540 videretur:
353 1502 371 1539 in
387 1501 519 1539 Macedoniam
536 1502 561 1539 ad
579 1503 613 1539 On.
628 1502 716 1553 Pompeii

70 1561 134 1593 castra
143 1556 199 1600 venit,
210 1556 229 1593 in
239 1569 282 1594 eam
291 1556 353 1606 ipsam
363 1568 446 1599 causam,
457 1567 468 1592 a
478 1568 516 1606 qua
526 1560 567 1594 erat
578 1556 661 1606 rejectus
672 1569 716 1593 cum

69 1608 142 1659 injuria.
172 1614 203 1647 28.
219 1610 285 1654 Quid?
300 1622 360 1659 quum
373 1609 411 1646 ista
424 1621 454 1646 res
464 1609 510 1646 nihil
525 1610 659 1647 commovisset
673 1609 715 1660 ejus

69 1663 159 1706 animum,
170 1663 195 1701 ad
211 1675 268 1714 quem
277 1662 377 1706 veneratis,
394 1662 517 1712 languidiore,
536 1662 599 1706 credo,
617 1662 681 1700 studio
695 1663 714 1700 in

70 1728 127 1754 causa
136 1716 209 1754 fuistis:
224 1715 356 1753 tantummodo
366 1715 385 1752 in
395 1715 487 1766 praesidiis
497 1715 559 1759 eratis,
575 1716 633 1753 animi
647 1728 693 1753 vero
704 1724 748 1758 a30

69 1782 127 1806 causa
142 1769 284 1807 abhorrebant:
299 1782 329 1813 an,
340 1773 362 1806 ut
375 1769 396 1806 fit
410 1769 429 1807 in
443 1769 529 1807 civilibus
544 1768 599 1807 bellis
610 1768 622 1791 ⁴
633 1768 645 1791 ²
657 1768 669 1791 ἃ
678 1782 714 1807 neo

69 1822 88 1859 in
95 1822 149 1860 vobis
157 1822 219 1875 magis
227 1835 285 1873 quam
291 1822 311 1860 in
322 1822 409 1873 reliquis;
424 1835 489 1860 omnes
497 1822 547 1859 enim
554 1823 642 1860 vincendi
650 1823 714 1861 studio

69 1877 186 1915 tenebamur,
215 1876 270 1914 Pacis
287 1875 376 1927 equidem
392 1889 468 1927 semper
485 1881 552 1914 auctor·
567 1876 604 1914 fui:
622 1877 657 1915 sed
674 1882 715 1915 tum

69 1941 123 1974 sero;
138 1934 179 1968 erat
189 1930 238 1968 enim
248 1930 335 1974 amentis,
346 1943 406 1980 quum
416 1930 476 1967 aciem
486 1929 566 1974 videres,
581 1943 648 1981 pacem
664 1931 715 1982 ocgi-

69 1986 115 2021 tare.
145 1983 223 2028 Omnes,
238 1983 321 2035 inquam,
332 1984 406 2021 vincere
416 1984 539 2021 volebamus:
554 1990 576 2021 tu
586 1989 638 2022 certe
647 1984 715 2035 praeci·
724 1993 748 2027 35

69 2049 113 2087 pue,
124 2037 156 2088 qui
170 2037 189 2075 in
199 2050 243 2075 eum
252 2037 317 2076 locum
326 2037 415 2081 venisses,
426 2037 460 2075 ubi
476 2037 510 2075 tibi
520 2042 570 2075 esset
588 2037 715 2088 pereundum,

69 2089 105 2126 nisi
114 2091 201 2129 vicisses:
217 2104 339 2142 quamquam,
350 2096 372 2128 ut
385 2104 436 2128 nunc
447 2103 507 2129 seres
517 2091 581 2135 habet,
592 2103 631 2128 non
641 2091 715 2135 dubito,

69 2143 115 2193 quin
124 2144 173 2182 hanc
183 2144 267 2182 salutem
276 2149 381 2196 anteponas
390 2144 417 2182 illi
426 2144 516 2182 victoriae.

95 2196 119 2234 X,
149 2201 181 2236 2¹9.
197 2198 246 2235 Haeo
256 2211 293 2250 ego
302 2211 341 2236 nou
355 2198 443 2242 dicerem,
454 2198 535 2243 Tubero,
547 2197 562 2235 si
578 2202 612 2235 aut
626 2210 660 2235 vos
671 2210 715 2235 con-

70 2249 146 2287 stantiae
155 2255 229 2296 vestrae,
241 2257 275 2289 aut
286 2251 383 2290 Gaesarem
394 2251 480 2289 beneficii
490 2251 519 2288 sui
529 2251 635 2301 poeniteret.
658 2251 715 2288 Nunc
723 2258 750 2292 40

69 2314 142 2352 quaero,
152 2309 299 2347 utrumvestras
308 2305 392 2356 injurias,
401 2317 425 2341 an
432 2304 459 2342 rei
469 2304 549 2355 publioae
560 2304 715 2355 persequamini?

70 2355 91 2393 Si
104 2356 132 2393 rei
141 2357 235 2407 publice:
250 2358 296 2408 quid
310 2359 335 2396 de
345 2363 408 2396 vestra
425 2358 444 2395 in
458 2358 489 2395 illa
500 2370 557 2395 causa
574 2358 716 2408 perseverantia

69 2410 225 2460 respondebitis?
239 2411 255 2449 si
264 2416 343 2455 vestras,
358 2411 427 2455 videte,
442 2424 466 2448 ne
483 2411 555 2454 erretis
570 2411 602 2462 qui
619 2411 717 2449 Oaesarem

69 2462 137 2500 vestris
146 2463 225 2502 inimicis
234 2464 305 2502 iratum
314 2465 355 2503 fore
365 2465 443 2516 putetis,
453 2478 513 2516 quum
523 2464 617 2518 ignoverit
626 2465 671 2503 suis
