1738 2673
241 62 281 88 rao
291 63 307 88 r.
318 62 381 88 auum
391 63 474 96 ursona,
485 61 530 89 car.
541 63 567 89 1x.
719 52 758 87 113

79 149 143 194 simus,
160 162 222 200 neque
238 149 257 187 in
271 150 325 187 bonis
339 150 383 188 viris
399 150 485 202 legendis
501 150 520 188 id
537 149 612 200 assequi
622 149 722 200 potuisset,

81 202 153 241 etiamsi
169 202 259 254 cupisset.
294 203 338 240 Non
354 204 403 241 enim
423 217 466 241 mea
484 204 546 256 gratia
562 202 722 240 familiaritatibus

80 256 192 300 continetur,
207 270 250 307 quae
268 256 306 294 late
322 262 388 307 patere
402 270 439 295 non
453 262 539 308 possunt,
550 261 652 307 propterea
669 254 722 306 quod

79 309 225 347 consuetudines
238 309 299 347 victus
313 322 350 348 non
363 316 444 361 possunt
457 324 499 348 esse
509 323 553 347 cum
563 309 638 354 multis;
653 309 693 352 sed,
706 308 722 347 si

78 363 124 413 quid
138 375 245 414 possumus,
256 376 280 400 er
289 376 312 401 eo
322 376 429 414 possumus,
439 363 492 415 quod
503 376 533 401 res
546 362 667 414 publicanos
677 375 721 400 cen·
731 371 742 404 5

76 416 139 467 junxit
149 429 192 453 cum
207 417 272 460 bonis;
287 417 388 467 exquibus
402 417 433 455 ille
443 430 503 467 quum
514 417 595 468 optimos
605 416 655 453 viros
669 416 720 467 lege·

78 474 112 514 ret,
123 469 180 520 idque
187 470 268 507 maxime
278 469 303 507 ad
313 470 370 507 fidem
377 483 431 508 suam
438 471 532 521 pertinere
542 469 672 514 arbitraretur,
683 482 721 506 non

77 523 140 573 potuit
157 523 220 575 legere
237 536 275 561 non
291 523 386 561 studiosos
401 524 443 561 mei
473 528 503 561 22.
522 523 578 569 Quod
595 536 641 561 vero
657 527 683 567 te,
698 521 719 559 L.

78 576 155 620 Domiti,
171 576 214 614 huie
229 577 330 627 quaestioni
346 589 429 627 proeesse
439 577 520 614 maxime
530 577 595 620 voluit,
610 576 656 614 nihil
667 589 720 626 quae-

77 629 120 667 sivit
133 630 190 674 aliud,
202 629 235 667 nisr
250 630 349 680 justitiam,
360 630 479 682 gravitatem,
494 630 639 674 humanitatem,
655 630 719 667 fidem.
730 636 755 670 10

77 683 133 727 Tulit,
143 690 165 721 ut
181 683 299 721 consularem
309 696 386 721 necesse
400 689 450 721 esset
456 697 461 727 ;
476 683 539 728 eredo,
550 684 602 734 quod
612 683 719 733 principum

77 750 146 775 munus
157 749 198 774 esse
209 736 292 774 ducebat
302 736 389 774 resistere
400 741 419 774 et
428 736 500 773 levitati
510 737 637 774 multitudinis
647 742 667 773 et
677 749 719 787 per-

77 791 160 829 ditorum
170 790 278 828 temeritati.
303 790 332 827 Ex
342 789 473 828 consularibus
483 794 503 828 te
513 790 584 828 creavit
594 790 719 841 potissimum.

77 844 162 882 Dederas
173 844 227 888 enim,
243 857 300 894 quam
313 849 443 881 contemneres
457 844 561 894 populares
575 843 662 888 insanias,
678 844 719 895 jam

76 898 100 936 ab
110 897 238 936 adolescentia
248 897 364 935 documenta
373 898 461 935 maxima.
729 904 753 939 15

103 951 136 989 IX.
166 955 196 989 23.
213 951 347 996 Quamobrem,
360 950 441 1001 judices,
452 956 473 988 ut
487 950 590 1002 aliquando
600 951 624 988 ad
640 963 718 989 eausam

76 1004 183 1057 crimenque
202 1004 305 1047 veniamus,
325 1004 341 1041 si
357 1017 419 1055 neque
435 1004 495 1041 omnis
515 1004 608 1042 confessio
626 1005 672 1042 facti
689 1008 718 1042 est

74 1057 169 1102 inusitata,
184 1069 246 1108 neque
261 1057 286 1095 de
303 1069 360 1095 causa
374 1063 439 1095 nestra
455 1057 560 1107 quidquam
574 1058 633 1101 aliter,
647 1070 669 1095 ac
683 1070 718 1095 nos

75 1111 172 1156 vellemus,
183 1124 195 1147 a
204 1116 272 1148 senatu
283 1110 392 1161 judicatum
406 1116 440 1155 est,
451 1116 470 1148 et
479 1111 529 1148 lator
538 1111 579 1161 ipse
593 1111 647 1163 legis,
658 1123 717 1162 quum

75 1169 125 1202 esset
142 1163 269 1202 controversia
282 1163 334 1201 nulla
348 1164 398 1208 facti,
413 1164 461 1214 juris
477 1169 543 1201 tamen
560 1164 718 1215 disceptationem
728 1171 753 1205 20

75 1230 117 1255 esse
127 1218 191 1262 voluit,
207 1216 244 1268 eti
256 1217 311 1255 electi
324 1217 398 1268 judices
411 1218 464 1268 isque
481 1217 595 1268 praepositus
610 1217 716 1269 quaestioni,

74 1271 107 1322 qui
116 1272 158 1309 haec
170 1271 222 1322 juste
234 1271 366 1322 sapienterque
377 1271 476 1322 disceptet,
487 1271 580 1322 reliquum
591 1277 626 1315 est,
635 1271 716 1322 judices,

74 1331 96 1362 ut
105 1324 151 1362 nihil
163 1325 204 1376 jam
214 1337 299 1375 qnaerere
314 1324 365 1362 aliud
380 1324 471 1369 debeatis,
482 1324 522 1369 nisi,
533 1329 576 1362 uter
588 1325 626 1362 utri
640 1324 717 1363 insidias

73 1377 145 1416 fecerit.
174 1378 231 1423 Quod
247 1390 286 1429 quo
300 1378 373 1416 facilius
388 1378 504 1429 argumentis
516 1378 624 1429 perspicere
634 1379 723 1429 possitis,

74 1445 115 1469 rem
131 1436 206 1483 gestam
216 1431 269 1469 vobis
286 1432 332 1469 dum
343 1431 425 1469 breviter
438 1444 518 1484 erpone,
529 1444 602 1482 quaese,
616 1432 717 1484 diligenter
727 1439 751 1474 25

74 1486 172 1525 attendite.
201 1490 232 1524 24.
247 1485 269 1523 P.
281 1485 358 1523 Clodius
373 1498 433 1537 quum
442 1486 540 1523 statuisset
554 1485 605 1523 omni
617 1486 688 1524 scelere
697 1485 717 1523 in

74 1545 160 1591 praetura
175 1552 245 1577 verare
260 1552 301 1577 rem
314 1539 415 1590 publicam,
431 1539 542 1589 videretque
558 1539 585 1576 ita
599 1545 661 1578 tracta
675 1553 716 1578 esse

74 1593 149 1630 comitia
163 1606 212 1631 anno
229 1593 332 1644 superiore,
347 1599 368 1630 ut
383 1605 420 1629 non
435 1593 506 1630 multos
520 1605 595 1631 menses
612 1600 715 1644 praetmam

73 1659 139 1698 gerere
149 1652 220 1698 posset,
231 1646 263 1697 qui
273 1659 310 1683 non
324 1645 400 1684 honoris
410 1645 492 1697 gradum
502 1652 604 1697 spectaret
614 1652 637 1684 ut
651 1646 714 1692 ceteri,

73 1699 107 1737 sed
117 1706 137 1738 et
146 1700 167 1737 L.
178 1700 267 1737 Paullum
277 1699 369 1751 collegam
378 1699 462 1751 effugere
473 1699 534 1743 vellet,
545 1700 636 1752 singulari
645 1701 715 1738 virtute
725 1709 751 1742 30

74 1753 140 1798 civem,
151 1758 170 1791 et
179 1766 249 1791 aunum
263 1753 358 1805 integrum
370 1752 394 1790 ad
409 1752 550 1792 dilacerandam
564 1766 604 1791 rem
618 1754 715 1805 publicam

73 1812 172 1859 quaereret,
180 1807 243 1845 subito
251 1806 326 1858 reliquit
335 1818 406 1844 annum
416 1820 472 1844 suum
482 1819 562 1859 seseque
575 1807 593 1844 in
607 1808 715 1858 proximum

72 1873 143 1899 annum
153 1860 255 1904 transtulit,
263 1873 306 1904 non,
313 1866 335 1898 ut
345 1860 372 1905 fit,
381 1860 471 1912 religione
477 1860 545 1911 aliqua,
554 1861 588 1899 sed
598 1867 620 1899 ut
629 1862 713 1906 haberet,

72 1915 124 1965 quod
141 1915 182 1966 ipse
199 1914 280 1959 dicebat,
296 1914 321 1951 ad
338 1920 443 1965 praeturam
460 1915 570 1967 gerendam,
587 1916 623 1953 hcc
640 1922 674 1960 cst,
689 1916 715 1954 ad

72 1969 194 2006 evertendam
203 1981 244 2006 rem
253 1968 355 2020 publicam,
371 1968 448 2019 plenum
462 1981 532 2006 anatim
546 1974 603 2020 atque
612 1969 713 2022 integrum.
724 1979 749 2014 35

73 2026 104 2060 25.
126 2022 243 2061 Occurrebat
259 2022 280 2066 ei,
298 2035 386 2060 mancam
401 2035 423 2060 ac
438 2022 520 2061 debilem
537 2030 643 2074 praeturam
660 2037 714 2061 suam

72 2075 161 2121 futuram,
172 2076 250 2114 consule
264 2076 334 2114 Milone
341 2090 345 2120 ;
361 2089 404 2114 cum
419 2089 475 2127 porro
488 2089 563 2114 summo
573 2089 666 2115 consensu
680 2091 714 2129 po-

71 2129 112 2179 puli
126 2128 208 2167 Romani
222 2130 319 2167 consulem
333 2130 373 2167 lieri
382 2129 466 2167 videbat.
495 2130 581 2168 Contulit
597 2143 617 2168 se
634 2130 658 2168 ad
672 2132 714 2182 ejus

72 2182 211 2233 competitores,
222 2183 256 2221 sed
266 2184 297 2228 ita,
308 2188 369 2221 totam
379 2192 401 2221 ut
411 2184 521 2234 petitionem
537 2183 578 2234 ipse
588 2184 645 2228 solus,
656 2185 713 2222 etiam

71 2234 133 2274 invitis
142 2236 184 2281 iltis,
199 2237 327 2289 gubernaret;
342 2242 383 2275 tota
392 2245 414 2274 ut
429 2237 558 2281 comitissas,
569 2242 591 2274 ut
605 2237 711 2282 dictitabat,
722 2246 749 2280 40

71 2288 154 2327 humeris
168 2290 276 2328 sustineret.
305 2290 430 2328 Oonvocabat
444 2290 516 2334 tribus;
533 2303 553 2328 se
566 2291 699 2342 interponebat
707 2305 712 2337 ;

72 2342 164 2380 Collinam
174 2356 242 2381 novam
253 2344 330 2382 delectu
344 2344 512 2396 perditissimorum
526 2344 594 2382 civium
606 2345 711 2384 conscribe-

70 2395 109 2434 bat.
138 2396 215 2441 Quunto
228 2397 259 2435 ille
274 2398 329 2448 plura
344 2398 441 2442 miscebat,
452 2403 505 2436 tanto
519 2398 623 2450 moringis
638 2399 657 2437 in
671 2399 712 2438 dies

70 2449 221 2489 convalescebat.
250 2450 288 2489 Ubi
297 2451 345 2489 vidit
359 2452 417 2489 homo
426 2452 452 2490 ad
466 2464 520 2489 omne
533 2452 606 2490 facinus
616 2454 712 2505 paratissi-

375 2506 411 2544 10*
