1738 2673
118 87 156 122 106
254 96 328 122 ormo
338 95 377 122 rso
387 95 406 122 A.
417 95 493 121 LICINIO
504 94 587 128 seems,
599 94 643 121 cre.
653 95 689 120 x11.

151 188 230 228 ratores,
241 184 274 235 qui
283 184 350 235 popuii
359 183 441 222 Romani
450 196 481 221 res
496 187 561 235 gestas
577 195 653 234 semper
662 181 746 226 omavit3
764 180 797 231 qui

152 237 209 275 etiam
224 238 253 275 his
263 237 370 276 recentibus
383 238 452 274 nostris
466 237 571 287 vestrisque
586 236 694 274 domesticis
709 234 797 286 periculis

152 298 246 328 aeternum
256 304 277 328 se
287 291 416 343 testimonium
430 290 492 327 laudis
502 289 593 326 daturum
603 302 645 327 esse
659 290 772 340 prcfitetur;
787 286 796 338 †

151 344 206 394 isque
216 349 246 381 est
260 357 282 381 eo
296 356 381 387 nurnero,
392 343 425 393 qui
442 355 517 392 semper
527 342 579 392 apud
598 355 663 379 omnes
678 341 738 379 sancti
753 345 798 378 sunt

131 403 142 437 5
152 397 213 435 habiti
222 397 286 447 itaque
297 396 348 441 dicti,
359 396 385 434 sic
396 396 414 433 in
424 402 507 434 vestram
517 395 614 446 accipiatis
624 395 687 439 fidem,
698 401 720 432 ut
729 395 797 431 huma-

152 451 212 488 nitate
222 457 285 487 vestre
299 450 374 487 levatus
390 449 455 499 potius
471 462 529 499 quam
543 449 647 486 acerbitate
658 449 739 485 violatus
756 460 798 485 esse

152 503 245 540 videatur.
275 507 306 540 32.
322 503 369 547 Quae
380 502 404 539 de
415 515 472 539 causa
487 514 521 552 pro
531 514 574 539 mea
584 501 722 539 consuetudine
737 500 797 538 brevi-

152 561 182 594 ter
201 556 349 607 simpliciterque
366 555 410 599 diri,
426 555 507 607 judices,
525 567 547 592 ee
564 555 639 592 confido
656 555 738 605 probata
756 566 798 591 esse

153 610 251 647 omnibus:
267 622 311 659 quae
322 622 360 646 non
372 609 408 646 fori
422 621 484 659 neque
498 609 583 659 judiciali
593 608 729 646 consuetudine
740 612 759 644 et
773 607 798 644 de

118 667 143 702 10
152 662 233 700 hominis
243 662 319 714 ingenio
329 667 348 700 et
358 662 483 700 communiter
491 662 515 699 dc
525 661 584 712 ipsius
594 662 658 699 studio
665 662 741 699 locutus
749 673 797 703 sum,

153 729 181 760 ea,
194 716 275 767 judices,
287 716 362 754 avcbis
377 729 433 767 spero
443 728 484 753 esse
498 716 517 752 in
532 716 602 753 bonam
619 721 694 767 partem
706 718 798 765 accepta;

153 770 178 807 eb
188 782 216 814 eo,
227 770 259 820 qui
267 770 362 821 judicium
371 774 452 813 exercet,
463 775 515 806 certe
525 769 569 806 scio.
