1738 2673
135 123 174 160 122
455 131 527 158 onnrro

165 221 250 272 loquitur
259 221 306 272 ipsu,
316 220 396 272 judices,
407 233 450 270 quae
461 232 536 271 semper
546 220 597 257 vnlet
607 219 715 271 plurimum.
745 223 776 258 54.
792 217 813 258 Si

166 274 210 313 haee
220 287 257 312 non
267 281 322 327 gestu
335 274 430 318 audiretis,
442 275 476 312 sed
490 274 542 324 pictn
551 273 646 318 rideretis,
657 280 721 311 tamen
731 286 811 324 nppnre-

166 334 202 372 ret,
212 334 255 366 uter
272 333 322 366 esset
338 327 441 371 insidiator,
457 333 500 365 uter
514 328 560 365 nilril
577 327 670 378 cogitaret
687 327 737 372 mnli,
752 340 812 377 quum

167 381 215 419 alter
225 382 326 419 veheretur
336 380 355 418 iu
362 380 423 417 rlredu
429 380 543 431 paennlntus,
554 392 592 417 una
599 379 675 417 sederet
685 393 738 418 uxor.
761 379 812 425 Quid

145 435 236 476 5horum
254 448 292 472 non
308 433 488 484 impeditissimum?
510 434 596 477 restitus,
614 445 638 469 nn
655 433 768 477 vehiculum,
788 446 812 470 un

167 488 247 526 comes‘l
262 488 308 538 quid
318 487 379 524 minus
394 493 506 537 promptum
516 487 541 524 ud
556 499 648 539 pugnum,
659 499 718 536 quum
733 486 812 538 paenule

166 541 255 585 irretitus,
270 540 331 578 rlredn
348 540 456 590 impeditus,
470 553 530 588 uxore
547 553 603 592 ptene
618 540 730 578 constrictus
745 540 810 578 esset?

166 594 237 633 Videte
253 607 303 632 nunc
320 594 379 638 illum,
396 593 478 644 primum
493 594 623 647 egredientem
641 607 651 631 e
668 594 717 637 rilln,
734 594 797 631 subito
806 606 811 637 ;

166 649 216 686 cur?
231 648 317 699 vesperi;
332 647 378 699 quid
387 660 465 685 neeesse
475 650 519 685 est‘l
535 648 601 691 tnrdc3
616 648 649 698 qni
659 648 751 691 convenit,
762 659 808 698 pree-

131 709 156 743 10
166 702 231 739 sertim
240 701 260 739 id
269 701 377 753 temporis?
395 701 483 739 Dcrertit
491 702 510 739 in
517 702 581 739 villum
590 701 682 753 Pompeii.
697 700 810 751 Pompeium

165 762 187 793 ut
197 755 285 793 vider-etr
300 755 379 799 sciebat,
386 755 404 792 in
412 754 496 793 Alsiensi
506 768 559 800 esse;
573 755 638 793 villam
649 760 669 792 ut
679 754 810 805 perspiceret?

165 809 233 847 millies
242 809 261 846 in
271 821 293 846 ea
300 809 373 852 fuemt;
388 808 433 859 quid
443 820 489 860 ergo
499 809 555 846 erut?
570 814 653 846 memet
665 807 810 859 tergiversatum

166 863 213 900 dum
224 862 253 899 liic
263 862 341 905 veniret,
352 862 415 900 locum
424 862 530 912 relinquere
540 862 606 900 noluit.

192 916 245 952 m.
275 921 306 952 55.
321 915 372 966 Age,
383 927 433 952 nunc
448 915 484 952 iter·
494 915 578 966 expediti
587 915 666 951 latronis
676 927 720 952 cum
734 914 810 951 Milonis

131 976 155 1010 15
165 967 305 1019 impedimentis
320 974 435 1018 comparate.
464 968 546 1019 Semper
562 968 594 1006 ille
610 973 667 1005 antea
681 980 724 1005 cum
738 980 810 1012 unore;

165 1027 207 1059 tum
217 1022 256 1060 sine
266 1034 289 1060 ea
295 1035 300 1065 ;
314 1034 412 1072 nunqnam
421 1021 560 1067 nisiinrlredn;
575 1027 617 1059 tum
626 1021 645 1058 in
655 1034 716 1071 eque;
731 1021 810 1059 comites

166 1075 255 1119 Graeculi,
273 1086 387 1126 quocunque
403 1075 449 1119 ibat,
468 1075 526 1113 etiam
541 1087 600 1126 quum
616 1075 635 1112 in
652 1080 714 1111 cestra
728 1075 811 1111 Etrusca

165 1129 292 1180 propernbnt;
313 1134 355 1165 tum
371 1128 390 1165 in
405 1128 497 1165 comitutu
512 1141 608 1180 nugarum
623 1128 675 1165 nihil.
710 1128 761 1171 Milo,
778 1127 810 1178 qui

165 1195 268 1232 nunquam,
280 1187 321 1219 tum
332 1195 377 1219 casu
386 1194 456 1233 pueros
466 1182 613 1233 symphoniacos
623 1181 687 1219 uxoris
698 1181 781 1219 ducebat
791 1186 810 1218 et

131 1243 156 1277 20
165 1235 277 1273 ancillarum
287 1248 361 1287 greges.
390 1234 431 1280 tlte,
442 1235 475 1285 qni
489 1247 565 1286 semper
572 1247 640 1285 secum
654 1241 722 1278 scorto,
733 1247 810 1285 semper

165 1289 256 1333 exoletos,
267 1301 343 1340 semper
350 1289 405 1339 lupns
415 1287 500 1332 duceret,
510 1294 552 1326 tum
562 1289 662 1332 neminem,
672 1288 707 1325 nisi
717 1293 738 1325 ut
749 1288 810 1325 virum

165 1343 226 1380 avire
240 1343 312 1380 lectum
322 1355 363 1379 esse
378 1343 455 1380 diceres.
485 1342 525 1379 Cur
537 1342 595 1393 igitur
610 1343 671 1379 victus
689 1343 732 1380 esti
761 1342 810 1387 Quia

166 1409 204 1433 uon
221 1409 297 1446 senrper
313 1395 374 1433 viator
390 1409 402 1432 a
417 1395 496 1439 latrone,
513 1408 648 1446 nonnunquam
662 1396 719 1432 etium
735 1396 810 1433 latren

166 1449 238 1487 tintore
255 1448 359 1493 oceiditur;
381 1448 430 1500 quia,
449 1460 565 1500 quamquain
582 1453 660 1500 paratus
674 1448 693 1486 in
705 1448 810 1500 imparatos

130 1511 154 1546 25
166 1502 251 1547 Clodius,
262 1508 327 1541 tamen
336 1502 403 1540 mulier
413 1502 504 1540 inciderat
517 1503 536 1540 in
545 1502 601 1541 viros.
631 1507 661 1541 56.
676 1502 718 1540 Nee
727 1514 773 1549 rere
783 1502 809 1539 sie

165 1561 206 1593 eret
219 1569 304 1607 uuquam
319 1568 357 1592 non
371 1560 450 1606 partitus
465 1555 512 1592 Milo
523 1561 589 1593 eontra
599 1557 658 1600 illum,
670 1561 692 1592 ut
709 1569 746 1593 non
763 1556 809 1593 satis

164 1610 204 1647 fere
218 1615 269 1647 esset
278 1613 362 1660 paratus.
392 1608 473 1659 Semper
486 1608 523 1653 itte,
534 1613 554 1646 et
568 1614 662 1659 quantum
673 1608 772 1647 interesset
786 1609 809 1646 P.

165 1663 232 1708 Clodii,
244 1676 264 1701 se
281 1663 348 1714 perire,
359 1666 378 1701 et
393 1668 464 1713 quanto
478 1662 504 1700 illi
519 1662 562 1701 odio
572 1668 628 1708 esset,
639 1667 659 1701 et
673 1669 766 1714 quantum
778 1662 809 1700 ille

164 1716 250 1761 auderet,
262 1717 365 1768 cogitabat.
394 1717 524 1761 Quamobrem
534 1717 594 1754 vitem
608 1729 669 1760 suam,
679 1729 737 1767 quum
750 1716 808 1753 niuni-

129 1779 155 1812 30
164 1770 200 1806 mis
209 1770 293 1822 praemiis
301 1769 419 1821 propositam
429 1775 449 1807 et
458 1782 515 1820 paene
521 1770 619 1807 addictam
626 1770 704 1814 sciebat,
712 1782 810 1819 nunquam

164 1824 183 1862 in
199 1824 305 1875 periculum
328 1824 367 1861 sine
386 1822 477 1875 praesidio
494 1828 513 1861 et
531 1823 571 1862 sine
587 1823 674 1861 custodia
690 1823 809 1875 projiciebat.

164 1878 223 1916 Adde
240 1891 301 1923 casus,
320 1877 370 1915 adde
387 1878 468 1915 incertos
486 1878 547 1915 exitus
565 1890 674 1929 pugnarum
688 1877 810 1929 Martemque

165 1944 291 1976 communem,
302 1931 334 1982 qui
344 1943 397 1982 seepe
404 1931 518 1981 spoliantem
526 1931 567 1982 jam
577 1937 597 1968 et
606 1932 734 1969 exsultantem
742 1931 810 1969 evertit

165 1989 184 2022 et
194 1984 275 2035 perculit
285 1985 309 2022 ab
317 1985 402 2035 object03
417 1984 466 2021 adde
477 1984 570 2021 inscitiam
578 1986 647 2035 pransi,
656 1985 702 2036 poti,
713 1985 809 2022 oscitantis

129 2048 154 2080 35
165 2038 224 2081 ducis,
240 2038 272 2087 qui
289 2050 348 2087 quum
365 2050 377 2073 a
392 2043 447 2088 tergo
464 2037 539 2074 hostem
556 2038 680 2075 interclusrun
695 2038 808 2088 reliquisset,

163 2090 210 2128 nihil
220 2091 244 2128 de
257 2091 299 2141 ejus
309 2090 398 2127 extremis
413 2089 513 2128 comitibus
524 2090 619 2142 cogitavit⁷
629 2090 648 2128 in
662 2103 710 2141 quos
722 2091 809 2129 incensos

163 2144 191 2183 ira
201 2144 298 2195 vitamque
309 2142 380 2181 domini
390 2143 514 2194 desperantes
524 2156 584 2195 quum
600 2143 701 2189 incidisset,
716 2144 772 2182 lraesit
789 2145 809 2182 in

163 2197 185 2236 iis
194 2197 264 2250 poenis,
275 2210 323 2248 ques
333 2198 357 2234 ab
368 2209 390 2234 eo
400 2197 450 2234 serii
458 2197 524 2235 fideles
538 2210 574 2248 pre
584 2198 655 2236 domini
664 2198 703 2235 ritu
713 2199 808 2250 expetive-

162 2257 213 2290 runt.
243 2253 274 2290 57.
290 2251 330 2288 Gur
344 2251 402 2302 igitur
419 2263 451 2288 eos
465 2251 588 2289 manumisit?
616 2251 717 2289 Metuebat
731 2252 807 2294 seilicet⁷

128 2312 153 2346 to
162 2319 187 2343 ne
196 2305 306 2350 iudicarent,
313 2318 337 2342 ne
347 2304 434 2343 dolorem
444 2305 528 2355 perferre
535 2318 573 2343 nen
581 2310 665 2356 possent,
675 2317 699 2342 ne
709 2304 808 2343 tormentis

163 2364 277 2410 cogerentur
287 2358 371 2396 occisum
388 2370 429 2395 esse
445 2369 457 2393 a
467 2358 525 2395 servis
535 2358 611 2396 Milonis
626 2359 646 2396 in
662 2358 769 2409 Appiaria
785 2358 807 2394 P.

163 2412 252 2450 Clodium
264 2412 354 2450 confiteri.
384 2411 434 2457 Quid
446 2416 534 2462 opuscst
547 2412 633 2450 tortore?
662 2411 713 2456 Quid
723 2410 808 2463 qnaeris?

164 2466 300 2504 Occideritne‘?
329 2465 409 2503 Occidit.
438 2465 520 2504 Jurean
534 2465 618 2517 injurie?
646 2465 700 2503 Nihil
709 2466 734 2503 ad
749 2470 808 2502 torto·

161 2532 209 2559 rem,
236 2519 292 2558 Facti
302 2519 380 2558 enimin
390 2518 471 2570 equuleo
481 2519 564 2571 quaestio
574 2525 609 2566 est,
617 2519 666 2571 juris
676 2518 781 2571 injudicio.
