1738 2673
259 59 298 86 ruo
308 61 324 86 1.
335 59 400 87 Annio
410 60 492 93 1111011,
503 60 548 87 cae.
558 61 593 87 vn.
726 50 764 87 111

84 159 124 184 rem
134 146 232 198 publicam
241 147 309 186 fecisse
315 162 320 193 ;
335 149 374 194 sed,
386 162 445 201 quum
459 149 543 188 inessent
556 149 575 187 in
585 161 606 187 re
615 147 643 186 vis
653 152 673 186 et
686 147 729 186 insi·

84 200 128 245 diae,
143 201 214 239 crimen
229 201 302 253 judicio
316 203 415 249 reservavi,
429 216 471 243 rem
487 203 557 241 notavi.
592 202 648 249 Quod
663 202 678 240 si
694 214 729 254 per

83 254 177 293 furiosum
193 254 246 293 illum
261 257 359 294 tribunum
368 258 447 301 senatui,
458 257 511 308 quod
525 258 627 301 sentiebat,
638 256 729 306 perficere

83 308 173 353 licuisset,
183 320 252 346 novam
262 311 388 360 quaestionem
397 311 470 349 nullam
483 311 603 349 haberemus.
632 310 728 348 Decerne-

83 362 183 407 batonim,
194 368 216 401 11
226 364 323 402 veteribus
337 364 417 417 legibus,
428 364 561 403 tantumodo
572 369 626 402 extra
635 364 727 408 ordinem,
738 370 749 405 5

83 421 206 467 quaereretur.
235 416 300 455 Divisa
316 418 409 457 sententia
425 424 459 463 est,
475 418 585 470 postulante
600 418 663 456 nescio
678 430 727 469 quo;

82 469 129 508 nihil
145 470 195 508 enim
209 484 286 509 necesse
300 476 330 509 est
346 472 430 510 omnium
440 485 471 510 me
487 472 559 525 flagitia
575 473 667 524 proferre.
696 471 728 509 Sic

82 524 155 575 reliqua
164 525 268 563 auotoritas
277 530 354 563 senatus
364 531 430 577 empta
439 526 572 564 intercessione
582 526 659 565 sublata
669 530 703 564 est.

108 584 138 617 15.
149 578 178 615 At
187 579 237 617 enim
248 579 282 617 On.
291 579 394 630 Pompeius
399 579 558 632 rogationesuaet
563 579 612 619 dere
617 585 636 619 et
641 580 665 618 de
670 591 727 617 causa

81 631 185 683 judieavit;
200 632 244 670 tulit
254 632 303 670 enim
314 632 338 670 de
349 633 407 677 caede,
415 645 458 683 quae
467 633 486 670 in
496 632 561 684 Appia
568 633 599 670 via
608 634 660 671 facta
669 638 726 677 esset,
738 637 763 672 10

82 686 101 723 in
109 686 176 737 qunP.
188 686 267 724 Clodius
277 687 351 724 occisus
361 691 416 725 esset.
445 686 496 731 Quid
506 699 552 738 ergo
562 686 621 725 aulica
649 687 727 737 Nempe

82 745 105 778 ut
117 745 241 791 quaereretur.
271 740 321 785 Quid
337 752 394 791 porro
408 740 533 792 quaerendum
548 741 592 778 estl
621 740 727 778 Factumne

82 794 120 832 sit‘l
149 794 178 831 Ac
188 799 268 832 constat.
297 793 377 845 Aquo'l
406 796 435 831 At
445 799 505 845 paret.
534 793 588 832 Vidit
597 794 661 846 igitur,
669 794 727 832 etiam

81 848 101 886 in
111 848 230 886 consessione
239 847 285 886 facti
299 848 347 899 juris
361 852 425 886 tamen
441 847 569 886 defensionem
583 848 654 899 suscipi
663 860 725 899 posse.

83 901 140 948 Quod
156 902 190 940 uisi
200 902 283 947 vidisset,
294 915 351 953 posse
360 902 433 940 absolvi
447 915 497 945 eum,
509 902 541 953 qni
555 902 653 947 fateretur,
666 915 726 953 quum
737 905 761 940 15

82 956 156 994 videret
165 969 200 994 nos
209 956 271 1000 fateri,
282 968 344 1007 neque
353 956 413 1006 quaeri
426 968 510 1007 unquam
524 956 612 1006 jussisset
627 968 662 994 nec
672 955 726 993 vobis

82 1015 123 1047 tam
132 1010 181 1048 hanc
189 1010 291 1048 salutarem
301 1009 320 1047 in
328 1009 433 1061 judicando
443 1010 516 1048 literam
525 1022 583 1061 quam
593 1009 643 1047 1111111
651 1010 726 1047 tristem

82 1063 172 1101 dedisset.
201 1063 248 1101 Mihi
258 1076 303 1101 vero
314 1063 348 1101 On.
358 1063 462 1115 Pompeius
478 1077 515 1101 non
525 1064 583 1101 modo
593 1063 639 1101 nihil
649 1063 726 1116 gravius

83 1121 149 1155 contra
158 1117 248 1155 Milonem
257 1117 359 1168 judicasse,
370 1117 404 1154 sed
417 1118 474 1155 etiam
484 1117 574 1155 statuisse
583 1117 664 1161 videtur,
679 1116 726 1167 quid

81 1184 116 1209 vos
126 1171 145 1209 in
157 1170 262 1222 judicando
272 1176 359 1222 spectare
369 1176 471 1222 oporteret.
499 1171 551 1208 Nam
558 1171 591 1222 qui
600 1184 638 1208 non
648 1184 726 1222 poenam
736 1174 761 1208 20

83 1224 200 1269 confessioni,
211 1224 246 1263 sed
261 1225 389 1263 defensionem
399 1224 458 1269 dedit,
466 1225 482 1263 is
492 1237 569 1263 eausam
579 1225 666 1263 interitus
674 1237 726 1275 quae-

81 1279 167 1323 renda-m,
182 1292 220 1317 non
234 1278 330 1316 interitum
345 1279 425 1330 putavit.
456 1283 485 1317 16,
501 1278 546 1317 1111
559 1279 606 1317 illud
620 1278 661 1330 ipse
676 1279 726 1317 dicet

82 1333 174 1384 profecto,
182 1332 233 1383 quod
244 1344 279 1370 sua
288 1337 357 1383 sponte
366 1333 417 1378 fecit,
425 1333 518 1371 Publione
525 1332 593 1371 Clodio
603 1333 726 1371 tribuendum

82 1387 154 1438 putarit
164 1399 188 1423 an
197 1385 285 1438 tempori.

109 1440 155 1478 VH.
176 1440 234 1478 Domi
249 1452 289 1477 suae
305 1440 432 1478 nobilissimus
448 1440 482 1485 vir,
499 1444 577 1478 senatus
594 1445 727 1492 propugnator
736 1444 761 1479 25

82 1499 140 1546 atque
154 1493 190 1532 illis
207 1494 284 1545 quidem
299 1494 418 1545 temporibus
435 1507 489 1545 paene
508 1499 606 1545 patronus,
621 1493 726 1531 avunculus

82 1549 140 1600 hujus
158 1548 228 1599 judicis
247 1548 311 1591 nostri,
323 1548 419 1585 fortissimi
435 1548 474 1591 viri,
492 1548 519 1586 M.
537 1547 620 1592 Catonis,
637 1548 726 1586 tribunus

82 1602 143 1653 plebis
153 1602 179 1640 M.
190 1601 266 1639 Drusus
276 1602 349 1639 occisus
360 1608 394 1639 est.
423 1602 475 1639 Nihil
485 1602 509 1640 de
520 1602 561 1653 ejus
571 1606 632 1639 morte
643 1602 726 1652 populns

82 1657 186 1700 consultus,
196 1655 249 1693 nulla
265 1655 345 1705 quaestio
360 1655 438 1693 decreta
454 1668 465 1692 a
482 1661 549 1694 senatu
564 1660 598 1693 est.
627 1656 726 1700 Quantum

81 1710 156 1748 11111111
171 1709 190 1747 in
206 1709 242 1746 hac
257 1709 304 1746 urbe
321 1709 379 1746 fuisse
396 1710 490 1748 anostris
507 1708 594 1760 patribus
610 1708 724 1759 accepimus,
735 1711 761 1746 30

83 1776 141 1814 quum
156 1763 179 1801 P.
190 1763 288 1806 Africano,
299 1761 350 1799 domi
360 1775 400 1800 suae
416 1762 525 1813 quiescenti,
542 1762 574 1799 illa
587 1767 681 1799 nocturna
697 1762 725 1799 vis

82 1822 133 1855 esset
146 1816 214 1854 illata?
229 1815 271 1867 quis
287 1820 329 1853 tum
339 1829 377 1853 non
393 1816 481 1868 gemuit?
497 1816 539 1867 quis
548 1829 587 1854 non
598 1816 644 1853 arsit
653 1815 725 1860 dolore,

82 1883 139 1922 quem
149 1869 282 1914 immortalem,
290 1869 306 1907 si
315 1869 355 1907 fieri
365 1875 436 1920 posset,
447 1883 513 1908 omnes
523 1882 564 1907 esse
574 1874 672 1920 cuperent,
683 1869 725 1920 ejus

81 1937 105 1962 ne
117 1923 244 1962 necessariam
257 1923 334 1974 quidem
349 1929 478 1975 exspectatam
491 1936 533 1962 esse
547 1923 644 1961 mortem'l
673 1922 726 1960 Num

82 1977 140 2029 igitur
158 1977 197 2015 ulla
213 1977 295 2027 quaestio
312 1977 336 2014 de
352 1977 439 2015 Africani
454 1983 518 2016 morte
534 1978 574 2014 1111
590 1977 634 2015 est?
669 1976 725 2014 Certe
735 1980 760 2015 35

82 2031 140 2069 nulla.
166 2030 314 2076 11111111
335 2030 384 2077 Quia
394 2031 568 2069 nonaliofacinore
579 2030 725 2075 clarihomines,

82 2084 118 2122 alio
133 2084 209 2123 obscuri
223 2090 320 2122 necantur.
349 2085 427 2122 Intersit
439 2084 488 2123 inter
497 2085 541 2122 vitae
552 2084 664 2136 dignitatem
674 2097 725 2122 sum-

82 2151 157 2176 morum
173 2142 231 2189 atque
245 2138 365 2183 infimorum;
385 2150 436 2176 mors
453 2138 530 2190 quidem
545 2138 597 2175 illata
614 2151 649 2189 per
664 2138 725 2175 scelus

81 2191 149 2229 iisdem
159 2197 178 2230 et
191 2193 253 2242 poenis
263 2197 351 2230 teneatur
360 2197 380 2230 11
396 2192 476 2243 legibus.
504 2191 546 2229 Nisi
559 2192 609 2229 forte
619 2192 680 2243 magis
690 2190 726 2228 erit

82 2245 182 2294 parricida,
193 2245 208 2283 si
218 2246 250 2296 qui
265 2246 383 2283 consularem
393 2250 472 2296 patrem,
483 2245 566 2295 quamsi
582 2244 624 2294 quis
634 2245 725 2282 humilem
734 2246 760 2281 40

81 2298 184 2343 necaverit,
199 2305 233 2336 111
250 2312 272 2337 eo
286 2311 338 2337 mors
352 2298 434 2336 atrocior
449 2299 484 2336 erit
500 2298 521 2335 P.
534 2298 600 2342 Clodii,
613 2297 664 2348 quod
679 2297 725 2336 isin

81 2353 210 2389 monumentis
225 2354 320 2402 majorum
336 2365 414 2389 suorum
431 2352 455 2390 sit
471 2350 587 2389 interfectus.
616 2351 659 2389 Hoc·
675 2351 725 2390 enim

82 2405 107 2442 ab
123 2404 164 2442 istis
178 2417 231 2456 saepe
248 2405 327 2450 dicitur,
349 2404 428 2456 proinde
445 2405 498 2457 quasi
512 2404 589 2456 Appius
605 2404 637 2443 ille
655 2405 725 2443 Oaecus

81 2458 132 2495 viam
141 2458 247 2505 muniverit,
258 2472 296 2497 non
305 2472 344 2510 qua
354 2458 438 2510 populus
448 2463 539 2503 uteretur,
549 2458 584 2497 sed
600 2458 634 2498 ubi
646 2459 726 2511 impune
