1738 2673
74 60 100 95 34
370 73 442 101 onarro
457 74 487 100 111.

107 163 138 198 19.
154 159 205 199 Nam
215 162 303 213 profecto
311 163 404 201 memoria
418 164 487 201 tenetis
497 164 555 202 Cotta
565 168 585 202 et
601 165 697 214 Torquato
707 177 751 201 con·

107 213 180 251 sulibus
190 216 298 267 complures
315 216 334 254 in
349 216 443 268 Capitolio
453 230 483 254 res
493 217 517 254 de
527 217 576 255 00010
586 230 628 255 0110
643 229 750 268 percussas

106 279 166 319 quum
176 273 196 307 et
211 269 313 307 simulacra
328 270 409 308 deorum
424 271 558 309 immortalium
575 271 656 323 depulsa
670 276 714 309 sunt
731 275 750 309 et

106 326 176 359 statuae
190 328 277 360 veterum
286 324 385 361 hominum
396 323 476 375 dejectae
486 329 505 361 et
515 325 579 375 legum
590 337 627 362 aera
637 325 738 375 liquefacta
744 337 749 369 ;

87 378 170 413 5tactus
186 382 216 414 est
232 376 290 415 etiam
306 377 343 422 ille,
360 377 393 427 qui
406 377 456 415 hanc
465 378 532 415 urbem
543 378 633 422 condidit,
648 378 748 422 Romulus,

106 442 164 480 quem
173 428 281 469 inauratum
291 431 310 469 in
321 431 415 482 Capitolio
425 444 506 483 parvum
516 436 573 481 atque
583 431 691 475 lactentem⁷
702 432 748 469 ube·

105 483 159 521 ribus
175 484 244 535 lupinis
263 484 366 522 inhiantem
382 485 440 523 fuisse
459 484 574 522 meministis.
610 484 653 529 Quo
672 485 748 535 quidem

105 541 192 589 tempore
209 551 268 589 quum
287 539 397 589 haruspices
413 552 436 577 cx
455 544 496 576 tota
515 537 591 575 Etruria
610 539 746 583 convenissent,

106 591 168 629 cades
178 597 236 642 atque
246 592 332 630 incendia
341 599 361 630 et
370 593 435 643 legum
444 592 540 629 interitum
551 598 570 629 et
580 592 651 630 bellum
662 592 715 630 civile
725 605 747 630 ac

73 644 231 683 lOdomcsticunr
246 651 266 683 et
278 646 337 683 totius
351 646 404 684 urbis
419 654 477 697 atque
491 645 564 697 imperii
578 658 667 683 occasum
678 659 747 696 appro-

104 698 197 750 pinquare
212 699 305 743 dixerunt,
317 699 351 737 nisi
365 699 390 737 dii
404 699 520 737 immortales
531 700 581 737 0111111
595 700 667 737 ratione
677 700 747 749 placati

104 765 139 789 suo
153 754 230 790 numine
243 765 304 804 prope
313 753 353 790 fata
366 753 408 805 ipsa
417 754 518 791 flexissent.
548 757 579 791 20.
594 754 662 804 ltaque
672 753 747 790 illorum

103 807 198 856 responsis
208 813 254 844 tunc
265 812 284 844 et
299 806 339 844 ludi
353 820 387 857 per
397 806 464 844 decem
474 806 514 845 dies
528 806 573 845 facti
583 812 633 851 sunt,
644 819 706 857 neque
716 819 746 845 res

103 859 148 903 ulla⁷
159 873 203 910 quae
214 861 238 897 ad
256 860 360 911 placandos
378 860 424 897 deos
441 860 549 910 pertineret,
564 860 694 911 praetermissa
705 864 745 898 cst:

71 913 196 963 l5iidemque
211 914 310 964 jusserunt
327 914 449 951 simulacrum
464 914 517 952 Jovis
534 913 596 951 facere
612 914 674 964 majus
691 918 711 951 et
727 914 746 951 in

103 968 177 1004 excelso
187 967 280 1005 collocare
290 972 310 1004 01
325 973 397 1010 contra,
408 973 466 1016 atque
480 973 524 1004 ante
533 967 601 1010 fuerat,
612 967 637 1004 ad
654 967 746 1004 orientem

102 1028 223 1059 conuertere:
238 1033 261 1058 ac
276 1033 296 1059 se
306 1032 383 1071 sperare
398 1020 491 1065 dixerunt,
502 1021 518 1059 si
533 1020 580 1058 illud
596 1021 677 1072 signum,
694 1021 746 1071 quod

102 1074 175 1117 videtis,
187 1075 231 1113 solis
248 1079 310 1111 ortum
322 1079 341 1112 01
357 1075 420 1111 forum
436 1075 544 1125 curiamque
559 1074 682 1125 conspiceret,
698 1075 744 1119 fore,

102 1132 125 1165 ut
135 1141 157 1165 ea
167 1128 250 1172 consilia,
262 1140 305 1178 quae
315 1128 364 1165 clam
378 1132 441 1165 essent
457 1127 503 1165 inita
513 1133 578 1166 contra
595 1128 676 1165 salutem
692 1128 745 1165 urbis

70 1184 160 1232 noctque
169 1181 247 1233 1111110111,
255 1181 400 1224 illustrarentur,
410 1186 432 1218 ut
439 1193 451 1217 a
460 1187 527 1219 senatu
538 1182 647 1232 populoque
658 1181 745 1219 Romano

102 1235 184 1286 perspici
194 1239 277 1286 possent.
306 1235 372 1285 Atque
382 1234 428 1271 illud
437 1234 511 1286 signum
522 1234 548 1272 ita
558 1235 691 1272 collocandum
701 1247 744 1272 con-

101 1288 153 1326 sules
160 1288 187 1326 1111
196 1289 312 1332 locaverunt,
323 1288 357 1325 sed
367 1293 421 1325 tanta
430 1289 467 1325 fuit
476 1288 538 1339 operis
548 1288 633 1332 tarditas,
647 1292 670 1325 nt
682 1302 744 1339 neque

101 1355 112 1380 a
129 1342 258 1393 superioribus
275 1342 384 1380 consulibus
400 1354 462 1392 neque
478 1354 490 1378 a
503 1342 557 1379 nobis
572 1347 615 1380 ante
632 1341 744 1379 hodiernum

101 1395 152 1433 diem
163 1396 292 1434 collocaretur.

69 1452 93 1487 25
128 1449 162 1488 IX.
192 1454 222 1487 21.
238 1449 275 1486 Hic
292 1449 334 1499 quis
347 1453 411 1499 potest
426 1461 473 1493 0110,
489 1448 576 1494 Quirites,
595 1453 633 1486 tarn
644 1461 744 1486 aversusa

100 1515 151 1548 vero,
160 1507 200 1540 tam
210 1515 303 1554 praeceps,
311 1508 350 1539 tam
360 1507 424 1540 mente
432 1509 505 1552 captus,
513 1502 545 1553 qui
555 1507 613 1554 neget
622 1502 665 1540 haec
674 1503 742 1548 omnia,

100 1570 144 1607 quae
155 1557 248 1601 videmus,
259 1555 395 1606 praecipueque
409 1556 458 1593 hanc
468 1556 536 1593 01110111
551 1556 631 1593 deorum
646 1556 743 1594 immorta-

99 1610 146 1648 lium
155 1616 204 1648 nutu
214 1623 236 1648 ac
251 1614 347 1660 potestate
358 1609 499 1646 administrari?
527 1609 602 1647 Etenim
619 1622 678 1660 quum
693 1615 743 1648 esset

99 1664 126 1702 ita
141 1677 261 1715 responsum,
280 1663 349 1706 caedes,
364 1663 450 1700 incendia
467 1663 601 1712 interitumque
618 1663 644 1700 rei
659 1663 741 1713 publica

68 1720 93 1753 30
100 1718 211 1769 comparari,
223 1723 242 1755 et
252 1730 274 1754 ea
284 1729 319 1767 per
328 1717 383 1761 ciues,
394 1729 438 1766 quae
449 1720 489 1753 tum
502 1722 581 1767 propter
591 1717 742 1768 magnitudinem

100 1772 193 1809 scelerum
210 1771 303 1808 nonnullis
320 1769 436 1807 incredibilia
451 1770 569 1815 ridebantur,
590 1783 612 1808 ea
628 1783 665 1808 non
684 1771 742 1808 modo

99 1825 184 1876 cogitata
197 1837 209 1861 a
218 1824 293 1862 nefariis
304 1823 382 1868 civibus,
393 1836 460 1861 verum
476 1823 533 1860 ctiam
543 1829 633 1874 suscepta
649 1837 690 1861 esse
700 1836 741 1861 sen-

99 1878 154 1916 sistis.
183 1878 235 1915 lllud
251 1890 297 1914 uero
313 1889 374 1914 nonne
389 1876 416 1913 ita
433 1889 518 1927 praesens
535 1883 569 1921 est,
587 1883 609 1914 ut
624 1883 673 1914 nutu
688 1878 741 1915 doris

100 1930 171 1982 Optimi
182 1930 260 1967 Maximi
268 1930 341 1968 factum
349 1942 390 1967 0110
399 1930 492 1973 uideatur,
503 1934 530 1973 ut,
541 1943 600 1980 quum
610 1931 701 1968 hodierno
711 1930 741 1968 die

67 1988 92 2022 35
99 1998 154 2022 mane
164 1997 198 2035 1101·
207 1985 270 2021 forum
280 1996 323 2020 meo
335 1984 392 2034 jussu
401 1989 420 2019 et
430 1984 523 2033 conjurati
533 1989 552 2020 et
566 1995 632 2020 eorum
641 1983 712 2022 indices
722 1984 741 2021 in

100 2038 161 2076 aedem
171 2036 284 2076 Concordiae
295 2036 415 2081 ducerentur,
430 2049 452 2073 eo
466 2037 508 2087 ipso
522 2041 608 2088 tempore
618 2036 693 2088 signum
703 2042 740 2074 sta-

99 2092 199 2130 ruci-etur?
215 2091 257 2136 Quo
268 2089 361 2128 collocato
371 2096 428 2139 atque
438 2090 463 2127 ad
473 2102 506 2127 ros
517 2096 641 2140 senatumque
649 2103 740 2129 converso

99 2145 162 2184 omnia
170 2149 189 2182 et
199 2150 276 2183 senatus
286 2148 305 2181 et
319 2155 358 2187 vos,
369 2155 412 2193 quae
424 2149 477 2181 erant
489 2148 554 2181 contra
564 2143 645 2181 salutem
656 2145 740 2183 omnium

99 2200 187 2251 cogitata,
204 2198 300 2236 illustrata
316 2202 335 2234 et
351 2197 449 2247 patefacta
465 2196 543 2234 vidistis.
572 2201 603 2234 22.
624 2197 667 2242 Quo
682 2198 740 2236 etiam

65 2254 171 2304 40maj0re
187 2258 232 2291 suut
248 2251 279 2289 isti
295 2250 338 2288 odio
355 2250 487 2301 supplicioque
504 2250 561 2301 digni,
577 2250 608 2301 qui
624 2264 661 2289 non
679 2252 739 2289 solum

98 2307 166 2344 vestris
181 2305 278 2344 domiciliis
295 2310 354 2355 atque
370 2304 431 2348 tectis,
446 2304 480 2342 sed
495 2305 551 2341 etiam
569 2304 648 2341 deorum
664 2305 740 2356 templis

98 2365 155 2411 atque
165 2360 249 2398 delubris
259 2363 304 2396 sunt
313 2359 398 2395 funestos
409 2370 430 2395 ac
441 2357 521 2395 nefarios
531 2357 583 2409 ignes
593 2357 661 2396 inferre
672 2359 739 2397 conati.

99 2415 172 2460 Quibus
183 2427 218 2466 ego
228 2413 244 2450 si
258 2425 289 2450 me
299 2412 390 2449 restitisse
403 2411 471 2456 dicam,
483 2411 559 2449 nimium
570 2412 615 2449 milri
632 2425 706 2449 sumant
721 2417 740 2451 et

97 2481 135 2506 non
145 2468 180 2506 sim
189 2466 290 2505 ferendus:
304 2466 380 2510 1110,1110
390 2465 402 2503 J
404 2465 480 2516 uppiter
486 2465 564 2502 restitit:
579 2465 610 2503 ille
618 2465 739 2517 Capitolium,
