<?xml version="1.0" encoding="UTF-8"?>
<!DOCTYPE html PUBLIC "-//W3C//DTD XHTML 1.0 Transitional//EN"
    "http://www.w3.org/TR/xhtml1/DTD/xhtml1-transitional.dtd">
<html xmlns="http://www.w3.org/1999/xhtml" xml:lang="en" lang="en">
 <head>
  <title>
</title>
<meta http-equiv="Content-Type" content="text/html;charset=utf-8" />
  <meta name='ocr-system' content='tesseract 3.04.00' />
  <meta name='ocr-capabilities' content='ocr_page ocr_carea ocr_par ocr_line ocrx_word'/>
</head>
<body>
  <div class='ocr_page' id='page_1' title='image "MN40048ucmf_0_0042.png"; bbox 0 0 1738 2673; ppageno 0'>
   <div class='ocr_carea' id='block_1_1' title="bbox 101 50 510 89">
    <p class='ocr_par' dir='ltr' id='par_1_1' title="bbox 101 50 510 89">
     <span class='ocr_line' id='line_1_1' title="bbox 101 50 510 89; baseline 0.002 -1"><span class='ocrx_word' id='word_1_1' title='bbox 101 50 128 88; x_wconf 80' lang='lat'>24</span> <span class='ocrx_word' id='word_1_2' title='bbox 401 63 474 89; x_wconf 72' lang='lat' dir='ltr'>orario</span> <span class='ocrx_word' id='word_1_3' title='bbox 488 63 510 89; x_wconf 91' lang='lat'>11.</span> 
     </span>
    </p>
   </div>
   <div class='ocr_carea' id='block_1_2' title="bbox 98 148 780 2509">
    <p class='ocr_par' dir='ltr' id='par_1_2' title="bbox 100 148 780 1531">
     <span class='ocr_line' id='line_1_2' title="bbox 135 148 780 203; baseline 0.005 -15"><span class='ocrx_word' id='word_1_4' title='bbox 135 148 262 196; x_wconf 84' lang='lat' dir='ltr'>dissimulant,</span> <span class='ocrx_word' id='word_1_5' title='bbox 273 150 306 203; x_wconf 91' lang='lat' dir='ltr'>qui</span> <span class='ocrx_word' id='word_1_6' title='bbox 318 150 387 190; x_wconf 87' lang='lat' dir='ltr'>Romae</span> <span class='ocrx_word' id='word_1_7' title='bbox 402 155 506 197; x_wconf 76' lang='lat' dir='ltr'>remanent,</span> <span class='ocrx_word' id='word_1_8' title='bbox 518 149 551 202; x_wconf 90' lang='lat' dir='ltr'>qui</span> <span class='ocrx_word' id='word_1_9' title='bbox 564 149 664 190; x_wconf 91' lang='lat' dir='ltr'>nobiscum</span> <span class='ocrx_word' id='word_1_10' title='bbox 674 155 724 197; x_wconf 92' lang='lat' dir='ltr'>sunt,</span> <span class='ocrx_word' id='word_1_11' title='bbox 734 150 780 191; x_wconf 81' lang='lat' dir='ltr'>nihil</span> 
     </span>
     <span class='ocr_line' id='line_1_3' title="bbox 135 204 780 258; baseline 0.002 -16"><span class='ocrx_word' id='word_1_12' title='bbox 135 204 230 243; x_wconf 73' lang='lat' dir='ltr'>dicimus?</span> <span class='ocrx_word' id='word_1_13' title='bbox 259 206 311 251; x_wconf 75' lang='lat' dir='ltr'>Quos</span> <span class='ocrx_word' id='word_1_14' title='bbox 325 205 402 257; x_wconf 88' lang='lat' dir='ltr'>quidem</span> <span class='ocrx_word' id='word_1_15' title='bbox 413 219 454 258; x_wconf 80' lang='lat' dir='ltr'>ego,</span> <span class='ocrx_word' id='word_1_16' title='bbox 466 205 481 243; x_wconf 88' lang='lat' dir='ltr'>si</span> <span class='ocrx_word' id='word_1_17' title='bbox 490 206 529 243; x_wconf 91' lang='lat' dir='ltr'>ullo</span> <span class='ocrx_word' id='word_1_18' title='bbox 539 205 597 243; x_wconf 92' lang='lat' dir='ltr'>modo</span> <span class='ocrx_word' id='word_1_19' title='bbox 611 205 652 243; x_wconf 92' lang='lat' dir='ltr'>fieri</span> <span class='ocrx_word' id='word_1_20' title='bbox 665 206 731 258; x_wconf 81' lang='lat' dir='ltr'>possit,</span> <span class='ocrx_word' id='word_1_21' title='bbox 741 218 780 244; x_wconf 89' lang='lat' dir='ltr'>non</span> 
     </span>
     <span class='ocr_line' id='line_1_4' title="bbox 134 259 779 311; baseline 0.002 -15"><span class='ocrx_word' id='word_1_22' title='bbox 134 262 175 296; x_wconf 84' lang='lat' dir='ltr'>tam</span> <span class='ocrx_word' id='word_1_23' title='bbox 189 259 255 297; x_wconf 89' lang='lat' dir='ltr'>ulcisci</span> <span class='ocrx_word' id='word_1_24' title='bbox 269 260 338 297; x_wconf 85' lang='lat' dir='ltr'>studeo</span> <span class='ocrx_word' id='word_1_25' title='bbox 348 272 406 310; x_wconf 88' lang='lat' dir='ltr'>quam</span> <span class='ocrx_word' id='word_1_26' title='bbox 415 272 482 297; x_wconf 88' lang='lat' dir='ltr'>sanare</span> <span class='ocrx_word' id='word_1_27' title='bbox 496 259 531 298; x_wconf 88' lang='lat' dir='ltr'>sibi</span> <span class='ocrx_word' id='word_1_28' title='bbox 542 259 600 309; x_wconf 82' lang='lat' dir='ltr'>ipsos,</span> <span class='ocrx_word' id='word_1_29' title='bbox 611 259 688 310; x_wconf 88' lang='lat' dir='ltr'>placare</span> <span class='ocrx_word' id='word_1_30' title='bbox 702 260 729 297; x_wconf 86' lang='lat' dir='ltr'>rei</span> <span class='ocrx_word' id='word_1_31' title='bbox 743 273 779 311; x_wconf 90' lang='lat' dir='ltr'>pu-</span> 
     </span>
     <span class='ocr_line' id='line_1_5' title="bbox 134 311 778 364; baseline 0.002 -14"><span class='ocrx_word' id='word_1_32' title='bbox 134 311 202 358; x_wconf 80' lang='lat' dir='ltr'>hticae;</span> <span class='ocrx_word' id='word_1_33' title='bbox 216 325 278 363; x_wconf 88' lang='lat' dir='ltr'>neque</span> <span class='ocrx_word' id='word_1_34' title='bbox 287 312 307 350; x_wconf 93' lang='lat' dir='ltr'>id</span> <span class='ocrx_word' id='word_1_35' title='bbox 317 326 376 364; x_wconf 89' lang='lat' dir='ltr'>quare</span> <span class='ocrx_word' id='word_1_36' title='bbox 390 313 477 350; x_wconf 73' lang='lat' dir='ltr'>fieri&#39;non</span> <span class='ocrx_word' id='word_1_37' title='bbox 488 312 555 364; x_wconf 81' lang='lat' dir='ltr'>possit,</span> <span class='ocrx_word' id='word_1_38' title='bbox 565 311 581 350; x_wconf 87' lang='lat' dir='ltr'>si</span> <span class='ocrx_word' id='word_1_39' title='bbox 593 325 625 350; x_wconf 89' lang='lat' dir='ltr'>me</span> <span class='ocrx_word' id='word_1_40' title='bbox 632 313 698 350; x_wconf 88' lang='lat' dir='ltr'>audire</span> <span class='ocrx_word' id='word_1_41' title='bbox 707 313 778 358; x_wconf 84' lang='lat' dir='ltr'>volent,</span> 
     </span>
     <span class='ocr_line' id='line_1_6' title="bbox 114 365 778 419; baseline -0.003 -13"><span class='ocrx_word' id='word_1_42' title='bbox 114 365 225 419; x_wconf 83' lang='lat' dir='ltr'>5intelligo.</span> <span class='ocrx_word' id='word_1_43' title='bbox 253 366 354 419; x_wconf 76' lang='lat' dir='ltr'>Exponam</span> <span class='ocrx_word' id='word_1_44' title='bbox 365 366 483 412; x_wconf 79' lang='lat' dir='ltr'>enimvobis</span> <span class='ocrx_word' id='word_1_45' title='bbox 494 365 582 413; x_wconf 77' lang='lat' dir='ltr'>Quirites,</span> <span class='ocrx_word' id='word_1_46' title='bbox 592 379 616 404; x_wconf 79' lang='lat' dir='ltr'>ex</span> <span class='ocrx_word' id='word_1_47' title='bbox 626 366 695 417; x_wconf 88' lang='lat' dir='ltr'>quibus</span> <span class='ocrx_word' id='word_1_48' title='bbox 705 365 778 418; x_wconf 83' lang='lat' dir='ltr'>generi-</span> 
     </span>
     <span class='ocr_line' id='line_1_7' title="bbox 134 419 777 472; baseline 0 -14"><span class='ocrx_word' id='word_1_49' title='bbox 134 420 171 458; x_wconf 89' lang='lat' dir='ltr'>bus</span> <span class='ocrx_word' id='word_1_50' title='bbox 187 420 286 458; x_wconf 89' lang='lat' dir='ltr'>hominum</span> <span class='ocrx_word' id='word_1_51' title='bbox 304 421 346 458; x_wconf 85' lang='lat' dir='ltr'>istae</span> <span class='ocrx_word' id='word_1_52' title='bbox 363 420 423 471; x_wconf 85' lang='lat' dir='ltr'>copiae</span> <span class='ocrx_word' id='word_1_53' title='bbox 440 425 587 471; x_wconf 77' lang='lat' dir='ltr'><strong>comparentur:</strong></span> <span class='ocrx_word' id='word_1_54' title='bbox 611 419 681 458; x_wconf 90' lang='lat' dir='ltr'>deinde</span> <span class='ocrx_word' id='word_1_55' title='bbox 698 420 777 472; x_wconf 83' lang='lat' dir='ltr'>singulis</span> 
     </span>
     <span class='ocr_line' id='line_1_8' title="bbox 134 473 777 525; baseline -0.002 -14"><span class='ocrx_word' id='word_1_56' title='bbox 134 474 249 511; x_wconf 73' lang='lat' dir='ltr'>medicinam</span> <span class='ocrx_word' id='word_1_57' title='bbox 259 474 330 511; x_wconf 89' lang='lat' dir='ltr'>consilii</span> <span class='ocrx_word' id='word_1_58' title='bbox 340 479 397 525; x_wconf 86' lang='lat' dir='ltr'>atque</span> <span class='ocrx_word' id='word_1_59' title='bbox 407 474 496 511; x_wconf 89' lang='lat' dir='ltr'>orationis</span> <span class='ocrx_word' id='word_1_60' title='bbox 505 486 559 518; x_wconf 83' lang='lat' dir='ltr'>meae,</span> <span class='ocrx_word' id='word_1_61' title='bbox 573 473 588 511; x_wconf 91' lang='lat' dir='ltr'>si</span> <span class='ocrx_word' id='word_1_62' title='bbox 598 486 656 524; x_wconf 91' lang='lat' dir='ltr'>quam</span> <span class='ocrx_word' id='word_1_63' title='bbox 666 477 738 525; x_wconf 86' lang='lat' dir='ltr'>potero,</span> <span class='ocrx_word' id='word_1_64' title='bbox 750 474 777 511; x_wconf 83' lang='lat' dir='ltr'>af-</span> 
     </span>
     <span class='ocr_line' id='line_1_9' title="bbox 134 527 778 580; baseline 0.002 -15"><span class='ocrx_word' id='word_1_65' title='bbox 134 527 200 566; x_wconf 87' lang='lat' dir='ltr'>feram.</span> <span class='ocrx_word' id='word_1_66' title='bbox 230 532 260 566; x_wconf 84' lang='grc'>18.</span> <span class='ocrx_word' id='word_1_67' title='bbox 282 528 347 566; x_wconf 88' lang='lat' dir='ltr'>Unum</span> <span class='ocrx_word' id='word_1_68' title='bbox 364 541 424 580; x_wconf 83' lang='lat' dir='ltr'>genus</span> <span class='ocrx_word' id='word_1_69' title='bbox 441 532 470 565; x_wconf 90' lang='lat' dir='ltr'>est</span> <span class='ocrx_word' id='word_1_70' title='bbox 487 541 558 573; x_wconf 89' lang='lat' dir='ltr'>eorum,</span> <span class='ocrx_word' id='word_1_71' title='bbox 573 528 606 579; x_wconf 91' lang='lat' dir='ltr'>qui</span> <span class='ocrx_word' id='word_1_72' title='bbox 619 540 689 579; x_wconf 84' lang='lat' dir='ltr'>magno</span> <span class='ocrx_word' id='word_1_73' title='bbox 706 527 725 565; x_wconf 92' lang='lat' dir='ltr'>in</span> <span class='ocrx_word' id='word_1_74' title='bbox 740 541 778 566; x_wconf 82' lang='lat' dir='ltr'>aere</span> 
     </span>
     <span class='ocr_line' id='line_1_10' title="bbox 134 581 777 632; baseline 0.002 -14"><span class='ocrx_word' id='word_1_75' title='bbox 134 581 195 620; x_wconf 90' lang='lat' dir='ltr'>alieno</span> <span class='ocrx_word' id='word_1_76' title='bbox 209 582 290 632; x_wconf 85' lang='lat' dir='ltr'>majores</span> <span class='ocrx_word' id='word_1_77' title='bbox 304 582 361 620; x_wconf 87' lang='lat' dir='ltr'>etiam</span> <span class='ocrx_word' id='word_1_78' title='bbox 378 582 505 632; x_wconf 87' lang='lat' dir='ltr'>possessiones</span> <span class='ocrx_word' id='word_1_79' title='bbox 522 582 599 627; x_wconf 87' lang='lat' dir='ltr'>habent,</span> <span class='ocrx_word' id='word_1_80' title='bbox 615 594 696 632; x_wconf 91' lang='lat' dir='ltr'>quarum</span> <span class='ocrx_word' id='word_1_81' title='bbox 712 594 777 620; x_wconf 90' lang='lat' dir='ltr'>amore</span> 
     </span>
     <span class='ocr_line' id='line_1_11' title="bbox 100 634 777 687; baseline -0.001 -13"><span class='ocrx_word' id='word_1_82' title='bbox 100 634 214 674; x_wconf 84' lang='lat' dir='ltr'>lOadducti</span> <span class='ocrx_word' id='word_1_83' title='bbox 231 635 309 674; x_wconf 74' lang='lat' dir='ltr'>dissolri</span> <span class='ocrx_word' id='word_1_84' title='bbox 325 636 377 674; x_wconf 94' lang='lat' dir='ltr'>nullo</span> <span class='ocrx_word' id='word_1_85' title='bbox 394 636 452 674; x_wconf 82' lang='lat' dir='ltr'>modo</span> <span class='ocrx_word' id='word_1_86' title='bbox 468 640 554 687; x_wconf 65' lang='lat' dir='ltr'>possunt,</span> <span class='ocrx_word' id='word_1_87' title='bbox 586 634 662 674; x_wconf 88' lang='lat' dir='ltr'>Horum</span> <span class='ocrx_word' id='word_1_88' title='bbox 678 635 777 674; x_wconf 89' lang='lat' dir='ltr'>hominum</span> 
     </span>
     <span class='ocr_line' id='line_1_12' title="bbox 134 689 777 742; baseline 0.002 -16"><span class='ocrx_word' id='word_1_89' title='bbox 134 690 207 740; x_wconf 86' lang='lat' dir='ltr'>species</span> <span class='ocrx_word' id='word_1_90' title='bbox 221 694 250 726; x_wconf 88' lang='lat' dir='ltr'>est</span> <span class='ocrx_word' id='word_1_91' title='bbox 265 690 408 734; x_wconf 88' lang='lat' dir='ltr'>honestissima;</span> <span class='ocrx_word' id='word_1_92' title='bbox 428 694 473 727; x_wconf 89' lang='lat' dir='ltr'>sunt</span> <span class='ocrx_word' id='word_1_93' title='bbox 488 690 538 727; x_wconf 88' lang='lat' dir='ltr'>enim</span> <span class='ocrx_word' id='word_1_94' title='bbox 554 689 673 742; x_wconf 73' lang='lat' dir='ltr'>locupletes:</span> <span class='ocrx_word' id='word_1_95' title='bbox 688 689 777 727; x_wconf 86' lang='lat' dir='ltr'>voluntas</span> 
     </span>
     <span class='ocr_line' id='line_1_13' title="bbox 133 742 776 794; baseline 0.002 -15"><span class='ocrx_word' id='word_1_96' title='bbox 133 755 179 780; x_wconf 90' lang='lat' dir='ltr'>vero</span> <span class='ocrx_word' id='word_1_97' title='bbox 185 748 205 781; x_wconf 91' lang='lat' dir='ltr'>et</span> <span class='ocrx_word' id='word_1_98' title='bbox 215 755 272 780; x_wconf 85' lang='lat' dir='ltr'>causa</span> <span class='ocrx_word' id='word_1_99' title='bbox 281 743 451 794; x_wconf 86' lang='lat' dir='ltr'>impudentissima.</span> <span class='ocrx_word' id='word_1_100' title='bbox 480 743 510 780; x_wconf 80' lang='lat' dir='ltr'>Tu</span> <span class='ocrx_word' id='word_1_101' title='bbox 519 743 580 794; x_wconf 72' lang='lat' dir='ltr'>agris„</span> <span class='ocrx_word' id='word_1_102' title='bbox 586 748 608 781; x_wconf 87' lang='lat' dir='ltr'>ta</span> <span class='ocrx_word' id='word_1_103' title='bbox 617 742 706 787; x_wconf 83' lang='lat' dir='ltr'>aedifioiis,</span> <span class='ocrx_word' id='word_1_104' title='bbox 714 748 737 780; x_wconf 93' lang='lat' dir='ltr'>tn</span> <span class='ocrx_word' id='word_1_105' title='bbox 747 756 776 780; x_wconf 88' lang='lat' dir='ltr'>ar-</span> 
     </span>
     <span class='ocr_line' id='line_1_14' title="bbox 134 796 776 849; baseline 0.002 -16"><span class='ocrx_word' id='word_1_106' title='bbox 134 802 198 848; x_wconf 86' lang='lat' dir='ltr'>gento,</span> <span class='ocrx_word' id='word_1_107' title='bbox 209 801 231 833; x_wconf 89' lang='lat' dir='ltr'>ta</span> <span class='ocrx_word' id='word_1_108' title='bbox 240 796 316 841; x_wconf 78' lang='lat' dir='ltr'>familia,</span> <span class='ocrx_word' id='word_1_109' title='bbox 330 801 353 834; x_wconf 87' lang='lat' dir='ltr'>tu</span> <span class='ocrx_word' id='word_1_110' title='bbox 362 798 419 835; x_wconf 89' lang='lat' dir='ltr'>rebus</span> <span class='ocrx_word' id='word_1_111' title='bbox 429 796 516 834; x_wconf 87' lang='lat' dir='ltr'>omnibus</span> <span class='ocrx_word' id='word_1_112' title='bbox 526 803 604 835; x_wconf 87' lang='lat' dir='ltr'>ornatus</span> <span class='ocrx_word' id='word_1_113' title='bbox 614 801 633 834; x_wconf 94' lang='lat' dir='ltr'>et</span> <span class='ocrx_word' id='word_1_114' title='bbox 647 796 735 849; x_wconf 86' lang='lat' dir='ltr'>copiosus</span> <span class='ocrx_word' id='word_1_115' title='bbox 745 797 776 841; x_wconf 92' lang='lat' dir='ltr'>sis,</span> 
     </span>
     <span class='ocr_line' id='line_1_15' title="bbox 134 850 776 901; baseline 0.003 -15"><span class='ocrx_word' id='word_1_116' title='bbox 134 854 154 886; x_wconf 90' lang='lat' dir='ltr'>et</span> <span class='ocrx_word' id='word_1_117' title='bbox 170 850 247 888; x_wconf 79' lang='lat' dir='ltr'>dubites</span> <span class='ocrx_word' id='word_1_118' title='bbox 261 850 286 888; x_wconf 91' lang='lat' dir='ltr'>de</span> <span class='ocrx_word' id='word_1_119' title='bbox 301 850 420 900; x_wconf 83' lang='lat' dir='ltr'>possessione</span> <span class='ocrx_word' id='word_1_120' title='bbox 434 850 540 894; x_wconf 80' lang='lat' dir='ltr'>detrahere,</span> <span class='ocrx_word' id='word_1_121' title='bbox 552 850 649 901; x_wconf 81' lang='lat' dir='ltr'>acquirere</span> <span class='ocrx_word' id='word_1_122' title='bbox 663 850 688 888; x_wconf 88' lang='lat' dir='ltr'>ad</span> <span class='ocrx_word' id='word_1_123' title='bbox 702 850 776 888; x_wconf 78' lang='lat' dir='ltr'>fidem?</span> 
     </span>
     <span class='ocr_line' id='line_1_16' title="bbox 101 902 777 955; baseline 0 -14"><span class='ocrx_word' id='word_1_124' title='bbox 101 907 125 942; x_wconf 91' lang='grc'>15</span> <span class='ocrx_word' id='word_1_125' title='bbox 135 902 185 947; x_wconf 73' lang='lat' dir='ltr'>Quid</span> <span class='ocrx_word' id='word_1_126' title='bbox 200 903 250 941; x_wconf 86' lang='lat' dir='ltr'>enim</span> <span class='ocrx_word' id='word_1_127' title='bbox 266 903 380 954; x_wconf 77' lang='lat' dir='ltr'>exspectas?</span> <span class='ocrx_word' id='word_1_128' title='bbox 408 903 500 941; x_wconf 73' lang='lat' dir='ltr'>Bellum?</span> <span class='ocrx_word' id='word_1_129' title='bbox 529 903 595 948; x_wconf 76' lang='lat' dir='ltr'>Quid?</span> <span class='ocrx_word' id='word_1_130' title='bbox 623 903 777 955; x_wconf 62' lang='lat' dir='ltr'>Ergoinvastrb</span> 
     </span>
     <span class='ocr_line' id='line_1_17' title="bbox 133 956 776 1008; baseline 0.002 -14"><span class='ocrx_word' id='word_1_131' title='bbox 133 956 184 994; x_wconf 89' lang='lat' dir='ltr'>tione</span> <span class='ocrx_word' id='word_1_132' title='bbox 195 956 280 995; x_wconf 89' lang='lat' dir='ltr'>omnium</span> <span class='ocrx_word' id='word_1_133' title='bbox 289 961 332 994; x_wconf 88' lang='lat' dir='ltr'>tuas</span> <span class='ocrx_word' id='word_1_134' title='bbox 341 957 470 1008; x_wconf 87' lang='lat' dir='ltr'>possessiones</span> <span class='ocrx_word' id='word_1_135' title='bbox 480 962 611 995; x_wconf 84' lang='lat' dir='ltr'>sacrosanctas</span> <span class='ocrx_word' id='word_1_136' title='bbox 621 957 695 994; x_wconf 86' lang='lat' dir='ltr'>futuras</span> <span class='ocrx_word' id='word_1_137' title='bbox 702 957 776 1008; x_wconf 75' lang='lat' dir='ltr'>putas?</span> 
     </span>
     <span class='ocr_line' id='line_1_18' title="bbox 133 1004 776 1061; baseline 0.003 -14"><span class='ocrx_word' id='word_1_138' title='bbox 133 1004 166 1047; x_wconf 62' lang='lat' dir='ltr'>Ru</span> <span class='ocrx_word' id='word_1_139' title='bbox 176 1011 252 1049; x_wconf 88' lang='lat' dir='ltr'>tabulas</span> <span class='ocrx_word' id='word_1_140' title='bbox 262 1010 335 1048; x_wconf 73' lang='lat' dir='ltr'>novas?</span> <span class='ocrx_word' id='word_1_141' title='bbox 363 1010 439 1054; x_wconf 78' lang='lat' dir='ltr'>Errant,</span> <span class='ocrx_word' id='word_1_142' title='bbox 449 1010 482 1060; x_wconf 87' lang='lat' dir='ltr'>qui</span> <span class='ocrx_word' id='word_1_143' title='bbox 491 1010 537 1048; x_wconf 85' lang='lat' dir='ltr'>istas</span> <span class='ocrx_word' id='word_1_144' title='bbox 547 1022 559 1046; x_wconf 90' lang='lat' dir='ltr'>a</span> <span class='ocrx_word' id='word_1_145' title='bbox 567 1010 648 1048; x_wconf 77' lang='lat' dir='ltr'>Catilina</span> <span class='ocrx_word' id='word_1_146' title='bbox 657 1015 776 1061; x_wconf 78' lang='lat' dir='ltr'>exspectant.</span> 
     </span>
     <span class='ocr_line' id='line_1_19' title="bbox 133 1063 776 1115; baseline 0.006 -15"><span class='ocrx_word' id='word_1_147' title='bbox 133 1063 177 1102; x_wconf 85' lang='lat' dir='ltr'>Meo</span> <span class='ocrx_word' id='word_1_148' title='bbox 187 1064 277 1102; x_wconf 84' lang='lat' dir='ltr'>beneficio</span> <span class='ocrx_word' id='word_1_149' title='bbox 287 1064 358 1102; x_wconf 78' lang='lat' dir='ltr'>tabulae</span> <span class='ocrx_word' id='word_1_150' title='bbox 368 1076 422 1101; x_wconf 83' lang='lat' dir='ltr'>novae</span> <span class='ocrx_word' id='word_1_151' title='bbox 432 1063 557 1115; x_wconf 87' lang='lat' dir='ltr'>proferentur,</span> <span class='ocrx_word' id='word_1_152' title='bbox 568 1077 635 1102; x_wconf 85' lang='lat' dir='ltr'>verum</span> <span class='ocrx_word' id='word_1_153' title='bbox 648 1064 776 1104; x_wconf 79' lang='lat' dir='ltr'>auctionariae.</span> 
     </span>
     <span class='ocr_line' id='line_1_20' title="bbox 133 1117 777 1168; baseline 0.003 -14"><span class='ocrx_word' id='word_1_154' title='bbox 133 1117 202 1168; x_wconf 85' lang='lat' dir='ltr'>Neque</span> <span class='ocrx_word' id='word_1_155' title='bbox 212 1118 262 1155; x_wconf 89' lang='lat' dir='ltr'>enim</span> <span class='ocrx_word' id='word_1_156' title='bbox 269 1117 304 1162; x_wconf 88' lang='lat' dir='ltr'>isti,</span> <span class='ocrx_word' id='word_1_157' title='bbox 316 1118 348 1168; x_wconf 93' lang='lat' dir='ltr'>qui</span> <span class='ocrx_word' id='word_1_158' title='bbox 364 1118 492 1168; x_wconf 84' lang='lat' dir='ltr'>possessiones</span> <span class='ocrx_word' id='word_1_159' title='bbox 508 1118 586 1162; x_wconf 86' lang='lat' dir='ltr'>habent,</span> <span class='ocrx_word' id='word_1_160' title='bbox 600 1118 637 1155; x_wconf 85' lang='lat' dir='ltr'>alia</span> <span class='ocrx_word' id='word_1_161' title='bbox 651 1117 723 1156; x_wconf 87' lang='lat' dir='ltr'>ratione</span> <span class='ocrx_word' id='word_1_162' title='bbox 737 1119 777 1156; x_wconf 86' lang='lat' dir='ltr'>ulla</span> 
     </span>
     <span class='ocr_line' id='line_1_21' title="bbox 101 1171 775 1222; baseline -0.001 -12"><span class='ocrx_word' id='word_1_163' title='bbox 101 1176 126 1210; x_wconf 84' lang='lat'>20</span> <span class='ocrx_word' id='word_1_164' title='bbox 134 1172 181 1209; x_wconf 83' lang='lat' dir='ltr'>salvi</span> <span class='ocrx_word' id='word_1_165' title='bbox 191 1184 232 1209; x_wconf 81' lang='lat' dir='ltr'>esse</span> <span class='ocrx_word' id='word_1_166' title='bbox 242 1178 327 1222; x_wconf 89' lang='lat' dir='ltr'>possunt.</span> <span class='ocrx_word' id='word_1_167' title='bbox 357 1171 413 1216; x_wconf 71' lang='lat' dir='ltr'>Quod</span> <span class='ocrx_word' id='word_1_168' title='bbox 423 1171 438 1209; x_wconf 91' lang='lat' dir='ltr'>si</span> <span class='ocrx_word' id='word_1_169' title='bbox 448 1172 541 1209; x_wconf 82' lang='lat' dir='ltr'>maturius</span> <span class='ocrx_word' id='word_1_170' title='bbox 550 1171 613 1209; x_wconf 85' lang='lat' dir='ltr'>facere</span> <span class='ocrx_word' id='word_1_171' title='bbox 623 1171 732 1216; x_wconf 87' lang='lat' dir='ltr'>voluisseut,</span> <span class='ocrx_word' id='word_1_172' title='bbox 743 1184 775 1210; x_wconf 87' lang='lat' dir='ltr'>ne-</span> 
     </span>
     <span class='ocr_line' id='line_1_22' title="bbox 133 1222 776 1277; baseline 0 -14"><span class='ocrx_word' id='word_1_173' title='bbox 133 1238 170 1276; x_wconf 91' lang='lat' dir='ltr'>que</span> <span class='ocrx_word' id='word_1_174' title='bbox 180 1224 207 1277; x_wconf 85' lang='lat' dir='ltr'>(id</span> <span class='ocrx_word' id='word_1_175' title='bbox 217 1225 269 1275; x_wconf 89' lang='lat' dir='ltr'>quod</span> <span class='ocrx_word' id='word_1_176' title='bbox 282 1225 414 1262; x_wconf 78' lang='lat' dir='ltr'>stultissimum</span> <span class='ocrx_word' id='word_1_177' title='bbox 424 1222 460 1276; x_wconf 88' lang='lat' dir='ltr'>est)</span> <span class='ocrx_word' id='word_1_178' title='bbox 472 1230 544 1262; x_wconf 89' lang='lat' dir='ltr'>certare</span> <span class='ocrx_word' id='word_1_179' title='bbox 554 1238 598 1262; x_wconf 89' lang='lat' dir='ltr'>cum</span> <span class='ocrx_word' id='word_1_180' title='bbox 611 1225 672 1263; x_wconf 86' lang='lat' dir='ltr'>usuris</span> <span class='ocrx_word' id='word_1_181' title='bbox 682 1225 776 1264; x_wconf 86' lang='lat' dir='ltr'>fructibus</span> 
     </span>
     <span class='ocr_line' id='line_1_23' title="bbox 133 1278 776 1332; baseline 0.003 -17"><span class='ocrx_word' id='word_1_182' title='bbox 133 1279 257 1330; x_wconf 86' lang='lat' dir='ltr'>praediorum,</span> <span class='ocrx_word' id='word_1_183' title='bbox 268 1284 287 1316; x_wconf 88' lang='lat' dir='ltr'>et</span> <span class='ocrx_word' id='word_1_184' title='bbox 295 1278 454 1332; x_wconf 81' lang='lat' dir='ltr'>locupletioribus</span> <span class='ocrx_word' id='word_1_185' title='bbox 467 1278 496 1315; x_wconf 89' lang='lat' dir='ltr'>his</span> <span class='ocrx_word' id='word_1_186' title='bbox 507 1284 526 1316; x_wconf 88' lang='lat' dir='ltr'>et</span> <span class='ocrx_word' id='word_1_187' title='bbox 535 1279 643 1316; x_wconf 85' lang='lat' dir='ltr'>melioribus</span> <span class='ocrx_word' id='word_1_188' title='bbox 654 1279 725 1317; x_wconf 77' lang='lat' dir='ltr'>ciribus</span> <span class='ocrx_word' id='word_1_189' title='bbox 734 1285 776 1317; x_wconf 89' lang='lat' dir='ltr'>ute-</span> 
     </span>
     <span class='ocr_line' id='line_1_24' title="bbox 133 1332 775 1383; baseline 0 -13"><span class='ocrx_word' id='word_1_190' title='bbox 133 1345 202 1371; x_wconf 87' lang='lat' dir='ltr'>remur.</span> <span class='ocrx_word' id='word_1_191' title='bbox 231 1332 271 1370; x_wconf 85' lang='lat' dir='ltr'>Sed</span> <span class='ocrx_word' id='word_1_192' title='bbox 283 1333 342 1370; x_wconf 85' lang='lat' dir='ltr'>lrosce</span> <span class='ocrx_word' id='word_1_193' title='bbox 355 1332 439 1370; x_wconf 82' lang='lat' dir='ltr'>homines</span> <span class='ocrx_word' id='word_1_194' title='bbox 456 1332 531 1369; x_wconf 89' lang='lat' dir='ltr'>minime</span> <span class='ocrx_word' id='word_1_195' title='bbox 544 1338 592 1383; x_wconf 88' lang='lat' dir='ltr'>puto</span> <span class='ocrx_word' id='word_1_196' title='bbox 607 1333 775 1383; x_wconf 87' lang='lat' dir='ltr'>pertimescendos,</span> 
     </span>
     <span class='ocr_line' id='line_1_25' title="bbox 133 1385 775 1436; baseline 0.002 -13"><span class='ocrx_word' id='word_1_197' title='bbox 133 1386 185 1436; x_wconf 92' lang='lat' dir='ltr'>quod</span> <span class='ocrx_word' id='word_1_198' title='bbox 195 1391 229 1423; x_wconf 88' lang='lat' dir='ltr'>aut</span> <span class='ocrx_word' id='word_1_199' title='bbox 236 1385 305 1423; x_wconf 90' lang='lat' dir='ltr'>deduci</span> <span class='ocrx_word' id='word_1_200' title='bbox 321 1386 346 1424; x_wconf 93' lang='lat' dir='ltr'>de</span> <span class='ocrx_word' id='word_1_201' title='bbox 356 1386 449 1424; x_wconf 82' lang='lat' dir='ltr'>sententia</span> <span class='ocrx_word' id='word_1_202' title='bbox 455 1393 546 1436; x_wconf 83' lang='lat' dir='ltr'>possunt;</span> <span class='ocrx_word' id='word_1_203' title='bbox 561 1391 600 1431; x_wconf 85' lang='lat' dir='ltr'>aut,</span> <span class='ocrx_word' id='word_1_204' title='bbox 609 1385 624 1423; x_wconf 92' lang='lat' dir='ltr'>si</span> <span class='ocrx_word' id='word_1_205' title='bbox 631 1387 775 1436; x_wconf 82' lang='lat' dir='ltr'>permanebunt,</span> 
     </span>
     <span class='ocr_line' id='line_1_26' title="bbox 100 1439 776 1492; baseline -0.004 -12"><span class='ocrx_word' id='word_1_206' title='bbox 100 1444 125 1480; x_wconf 80' lang='lat'>25</span> <span class='ocrx_word' id='word_1_207' title='bbox 133 1440 195 1492; x_wconf 79' lang='lat' dir='ltr'>magis</span> <span class='ocrx_word' id='word_1_208' title='bbox 205 1440 251 1477; x_wconf 83' lang='lat' dir='ltr'>milri</span> <span class='ocrx_word' id='word_1_209' title='bbox 260 1439 349 1478; x_wconf 83' lang='lat' dir='ltr'>ridentur</span> <span class='ocrx_word' id='word_1_210' title='bbox 358 1444 403 1478; x_wconf 81' lang='lat' dir='ltr'>rota</span> <span class='ocrx_word' id='word_1_211' title='bbox 412 1439 481 1477; x_wconf 82' lang='lat' dir='ltr'>facturi</span> <span class='ocrx_word' id='word_1_212' title='bbox 489 1443 554 1478; x_wconf 88' lang='lat' dir='ltr'>contra</span> <span class='ocrx_word' id='word_1_213' title='bbox 561 1452 602 1477; x_wconf 88' lang='lat' dir='ltr'>rem</span> <span class='ocrx_word' id='word_1_214' title='bbox 611 1440 709 1491; x_wconf 90' lang='lat' dir='ltr'>publicam</span> <span class='ocrx_word' id='word_1_215' title='bbox 719 1453 776 1491; x_wconf 90' lang='lat' dir='ltr'>quam</span> 
     </span>
     <span class='ocr_line' id='line_1_27' title="bbox 133 1493 258 1531; baseline 0 -1"><span class='ocrx_word' id='word_1_216' title='bbox 133 1506 187 1531; x_wconf 84' lang='lat' dir='ltr'>arma</span> <span class='ocrx_word' id='word_1_217' title='bbox 196 1493 258 1531; x_wconf 84' lang='lat' dir='ltr'>laturi.</span> 
     </span>
    </p>

    <p class='ocr_par' dir='ltr' id='par_1_3' title="bbox 132 1546 776 1706">
     <span class='ocr_line' id='line_1_28' title="bbox 160 1546 775 1599; baseline 0.002 -14"><span class='ocrx_word' id='word_1_218' title='bbox 160 1547 194 1585; x_wconf 81' lang='lat' dir='ltr'>IX.</span> <span class='ocrx_word' id='word_1_219' title='bbox 224 1551 255 1586; x_wconf 84' lang='grc'>19.</span> <span class='ocrx_word' id='word_1_220' title='bbox 270 1546 360 1584; x_wconf 89' lang='lat' dir='ltr'>Alterum</span> <span class='ocrx_word' id='word_1_221' title='bbox 374 1559 435 1598; x_wconf 83' lang='lat' dir='ltr'>genus</span> <span class='ocrx_word' id='word_1_222' title='bbox 446 1551 475 1583; x_wconf 86' lang='lat' dir='ltr'>est</span> <span class='ocrx_word' id='word_1_223' title='bbox 485 1559 556 1591; x_wconf 88' lang='lat' dir='ltr'>eorum,</span> <span class='ocrx_word' id='word_1_224' title='bbox 565 1547 597 1598; x_wconf 88' lang='lat' dir='ltr'>qui</span> <span class='ocrx_word' id='word_1_225' title='bbox 606 1559 723 1599; x_wconf 87' lang='lat' dir='ltr'>quamquam</span> <span class='ocrx_word' id='word_1_226' title='bbox 732 1561 775 1599; x_wconf 91' lang='lat' dir='ltr'>pre-</span> 
     </span>
     <span class='ocr_line' id='line_1_29' title="bbox 132 1600 776 1651; baseline 0.002 -13"><span class='ocrx_word' id='word_1_227' title='bbox 132 1606 212 1639; x_wconf 89' lang='lat' dir='ltr'>muntur</span> <span class='ocrx_word' id='word_1_228' title='bbox 222 1614 261 1639; x_wconf 85' lang='lat' dir='ltr'>aere</span> <span class='ocrx_word' id='word_1_229' title='bbox 272 1600 338 1645; x_wconf 86' lang='lat' dir='ltr'>alieno,</span> <span class='ocrx_word' id='word_1_230' title='bbox 350 1600 497 1638; x_wconf 84' lang='lat' dir='ltr'>dominationem</span> <span class='ocrx_word' id='word_1_231' title='bbox 510 1606 574 1638; x_wconf 88' lang='lat' dir='ltr'>tamen</span> <span class='ocrx_word' id='word_1_232' title='bbox 584 1606 701 1651; x_wconf 78' lang='lat' dir='ltr'>exspectant,</span> <span class='ocrx_word' id='word_1_233' title='bbox 712 1614 776 1639; x_wconf 88' lang='lat' dir='ltr'>rernm</span> 
     </span>
     <span class='ocr_line' id='line_1_30' title="bbox 132 1654 774 1706; baseline 0 -14"><span class='ocrx_word' id='word_1_234' title='bbox 132 1655 189 1705; x_wconf 87' lang='lat' dir='ltr'>potiri</span> <span class='ocrx_word' id='word_1_235' title='bbox 205 1655 277 1699; x_wconf 89' lang='lat' dir='ltr'>volunt,</span> <span class='ocrx_word' id='word_1_236' title='bbox 294 1655 381 1698; x_wconf 71' lang='lat' dir='ltr'>bonores</span> <span class='ocrx_word' id='word_1_237' title='bbox 396 1667 444 1705; x_wconf 91' lang='lat' dir='ltr'>quos</span> <span class='ocrx_word' id='word_1_238' title='bbox 461 1654 524 1705; x_wconf 89' lang='lat' dir='ltr'>quieta</span> <span class='ocrx_word' id='word_1_239' title='bbox 539 1655 651 1706; x_wconf 88' lang='lat' dir='ltr'>republica</span> <span class='ocrx_word' id='word_1_240' title='bbox 666 1655 774 1706; x_wconf 86' lang='lat' dir='ltr'>desperant,</span> 
     </span>
    </p>

    <p class='ocr_par' dir='ltr' id='par_1_4' title="bbox 98 1708 776 2509">
     <span class='ocr_line' id='line_1_31' title="bbox 99 1708 775 1760; baseline -0.003 -11"><span class='ocrx_word' id='word_1_241' title='bbox 99 1710 244 1760; x_wconf 85' lang='lat' dir='ltr'>30perturbata</span> <span class='ocrx_word' id='word_1_242' title='bbox 263 1709 353 1760; x_wconf 90' lang='lat' dir='ltr'>consequi</span> <span class='ocrx_word' id='word_1_243' title='bbox 372 1720 392 1745; x_wconf 89' lang='lat' dir='ltr'>se</span> <span class='ocrx_word' id='word_1_244' title='bbox 411 1720 467 1760; x_wconf 85' lang='lat' dir='ltr'>posse</span> <span class='ocrx_word' id='word_1_245' title='bbox 486 1708 607 1747; x_wconf 86' lang='lat' dir='ltr'>arbitrantur.</span> <span class='ocrx_word' id='word_1_246' title='bbox 646 1709 719 1754; x_wconf 74' lang='lat' dir='ltr'>Quibus</span> <span class='ocrx_word' id='word_1_247' title='bbox 738 1709 775 1747; x_wconf 87' lang='lat' dir='ltr'>hoc</span> 
     </span>
     <span class='ocr_line' id='line_1_32' title="bbox 132 1762 775 1814; baseline 0.002 -15"><span class='ocrx_word' id='word_1_248' title='bbox 132 1762 283 1814; x_wconf 72' lang='lat' dir='ltr'>praecipiendum</span> <span class='ocrx_word' id='word_1_249' title='bbox 293 1762 374 1806; x_wconf 86' lang='lat' dir='ltr'>videtur,</span> <span class='ocrx_word' id='word_1_250' title='bbox 385 1775 445 1799; x_wconf 88' lang='lat' dir='ltr'>unum</span> <span class='ocrx_word' id='word_1_251' title='bbox 459 1762 530 1800; x_wconf 89' lang='lat' dir='ltr'>scilicet</span> <span class='ocrx_word' id='word_1_252' title='bbox 540 1767 559 1800; x_wconf 89' lang='lat' dir='ltr'>et</span> <span class='ocrx_word' id='word_1_253' title='bbox 568 1762 625 1807; x_wconf 83' lang='lat' dir='ltr'>idem,</span> <span class='ocrx_word' id='word_1_254' title='bbox 636 1762 689 1813; x_wconf 86' lang='lat' dir='ltr'>quod</span> <span class='ocrx_word' id='word_1_255' title='bbox 699 1763 775 1814; x_wconf 90' lang='lat' dir='ltr'>reliquis</span> 
     </span>
     <span class='ocr_line' id='line_1_33' title="bbox 132 1816 775 1867; baseline 0.003 -14"><span class='ocrx_word' id='word_1_256' title='bbox 132 1817 225 1861; x_wconf 85' lang='lat' dir='ltr'>omnibus,</span> <span class='ocrx_word' id='word_1_257' title='bbox 233 1822 256 1854; x_wconf 90' lang='lat' dir='ltr'>ut</span> <span class='ocrx_word' id='word_1_258' title='bbox 265 1817 373 1867; x_wconf 88' lang='lat' dir='ltr'>desperent,</span> <span class='ocrx_word' id='word_1_259' title='bbox 380 1828 400 1853; x_wconf 90' lang='lat' dir='ltr'>se</span> <span class='ocrx_word' id='word_1_260' title='bbox 410 1816 435 1860; x_wconf 87' lang='lat' dir='ltr'>id,</span> <span class='ocrx_word' id='word_1_261' title='bbox 446 1816 498 1866; x_wconf 92' lang='lat' dir='ltr'>quod</span> <span class='ocrx_word' id='word_1_262' title='bbox 508 1822 606 1860; x_wconf 85' lang='lat' dir='ltr'>conantur,</span> <span class='ocrx_word' id='word_1_263' title='bbox 614 1816 704 1867; x_wconf 89' lang='lat' dir='ltr'>consequi</span> <span class='ocrx_word' id='word_1_264' title='bbox 710 1828 775 1867; x_wconf 88' lang='lat' dir='ltr'>posse:</span> 
     </span>
     <span class='ocr_line' id='line_1_34' title="bbox 132 1869 775 1921; baseline 0.003 -15"><span class='ocrx_word' id='word_1_265' title='bbox 132 1870 215 1920; x_wconf 85' lang='lat' dir='ltr'>primum</span> <span class='ocrx_word' id='word_1_266' title='bbox 229 1871 319 1913; x_wconf 86' lang='lat' dir='ltr'>omnium,</span> <span class='ocrx_word' id='word_1_267' title='bbox 329 1883 360 1907; x_wconf 88' lang='lat' dir='ltr'>me</span> <span class='ocrx_word' id='word_1_268' title='bbox 374 1870 438 1920; x_wconf 86' lang='lat' dir='ltr'>ipsum</span> <span class='ocrx_word' id='word_1_269' title='bbox 447 1869 530 1921; x_wconf 78' lang='lat' dir='ltr'>vigilare,</span> <span class='ocrx_word' id='word_1_270' title='bbox 546 1870 619 1913; x_wconf 81' lang='lat' dir='ltr'>adesse,</span> <span class='ocrx_word' id='word_1_271' title='bbox 634 1869 734 1921; x_wconf 82' lang='lat' dir='ltr'>providere</span> <span class='ocrx_word' id='word_1_272' title='bbox 748 1870 775 1908; x_wconf 92' lang='lat' dir='ltr'>rei</span> 
     </span>
     <span class='ocr_line' id='line_1_35' title="bbox 133 1922 776 1975; baseline 0.003 -16"><span class='ocrx_word' id='word_1_273' title='bbox 133 1923 226 1973; x_wconf 84' lang='lat' dir='ltr'>publicae;</span> <span class='ocrx_word' id='word_1_274' title='bbox 241 1922 310 1961; x_wconf 92' lang='lat' dir='ltr'>deinde</span> <span class='ocrx_word' id='word_1_275' title='bbox 320 1935 399 1974; x_wconf 84' lang='lat' dir='ltr'>magnos</span> <span class='ocrx_word' id='word_1_276' title='bbox 407 1923 479 1960; x_wconf 89' lang='lat' dir='ltr'>animos</span> <span class='ocrx_word' id='word_1_277' title='bbox 489 1935 530 1960; x_wconf 86' lang='lat' dir='ltr'>esse</span> <span class='ocrx_word' id='word_1_278' title='bbox 537 1923 556 1959; x_wconf 88' lang='lat' dir='ltr'>in</span> <span class='ocrx_word' id='word_1_279' title='bbox 566 1923 620 1961; x_wconf 89' lang='lat' dir='ltr'>bonis</span> <span class='ocrx_word' id='word_1_280' title='bbox 628 1924 677 1968; x_wconf 88' lang='lat' dir='ltr'>viris,</span> <span class='ocrx_word' id='word_1_281' title='bbox 686 1935 776 1975; x_wconf 79' lang='lat' dir='ltr'>magnam</span> 
     </span>
     <span class='ocr_line' id='line_1_36' title="bbox 99 1975 774 2028; baseline 0 -13"><span class='ocrx_word' id='word_1_282' title='bbox 99 1981 124 2016; x_wconf 87' lang='grc'>35</span> <span class='ocrx_word' id='word_1_283' title='bbox 133 1976 259 2020; x_wconf 87' lang='lat' dir='ltr'>concordiam,</span> <span class='ocrx_word' id='word_1_284' title='bbox 270 1976 373 2013; x_wconf 79' lang='lat' dir='ltr'>maximam</span> <span class='ocrx_word' id='word_1_285' title='bbox 383 1975 531 2019; x_wconf 88' lang='lat' dir='ltr'>multitudinem,</span> <span class='ocrx_word' id='word_1_286' title='bbox 546 1989 625 2028; x_wconf 83' lang='lat' dir='ltr'>magnas</span> <span class='ocrx_word' id='word_1_287' title='bbox 639 1980 734 2027; x_wconf 81' lang='lat' dir='ltr'>praeterea</span> <span class='ocrx_word' id='word_1_288' title='bbox 744 1991 774 2015; x_wconf 90' lang='lat' dir='ltr'>co·</span> 
     </span>
     <span class='ocr_line' id='line_1_37' title="bbox 132 2029 774 2081; baseline 0.003 -14"><span class='ocrx_word' id='word_1_289' title='bbox 132 2030 174 2081; x_wconf 86' lang='lat' dir='ltr'>pias</span> <span class='ocrx_word' id='word_1_290' title='bbox 184 2029 276 2074; x_wconf 81' lang='lat' dir='ltr'>militum3</span> <span class='ocrx_word' id='word_1_291' title='bbox 291 2029 337 2067; x_wconf 86' lang='lat' dir='ltr'>deos</span> <span class='ocrx_word' id='word_1_292' title='bbox 347 2029 429 2079; x_wconf 83' lang='lat' dir='ltr'>denique</span> <span class='ocrx_word' id='word_1_293' title='bbox 438 2029 555 2067; x_wconf 87' lang='lat' dir='ltr'>immortales</span> <span class='ocrx_word' id='word_1_294' title='bbox 565 2030 609 2067; x_wconf 89' lang='lat' dir='ltr'>huic</span> <span class='ocrx_word' id='word_1_295' title='bbox 616 2029 686 2068; x_wconf 89' lang='lat' dir='ltr'>invicto</span> <span class='ocrx_word' id='word_1_296' title='bbox 696 2031 774 2081; x_wconf 89' lang='lat' dir='ltr'>populo,</span> 
     </span>
     <span class='ocr_line' id='line_1_38' title="bbox 134 2082 775 2134; baseline 0.002 -13"><span class='ocrx_word' id='word_1_297' title='bbox 134 2083 237 2121; x_wconf 81' lang='lat' dir='ltr'>clarissimo</span> <span class='ocrx_word' id='word_1_298' title='bbox 252 2083 337 2134; x_wconf 88' lang='lat' dir='ltr'>imperio,</span> <span class='ocrx_word' id='word_1_299' title='bbox 355 2082 488 2133; x_wconf 84' lang='lat' dir='ltr'>pulcherrimae</span> <span class='ocrx_word' id='word_1_300' title='bbox 505 2082 548 2120; x_wconf 86' lang='lat' dir='ltr'>urbi</span> <span class='ocrx_word' id='word_1_301' title='bbox 564 2087 630 2120; x_wconf 87' lang='lat' dir='ltr'>contra</span> <span class='ocrx_word' id='word_1_302' title='bbox 649 2088 721 2121; x_wconf 87' lang='lat' dir='ltr'>tantam</span> <span class='ocrx_word' id='word_1_303' title='bbox 736 2085 775 2122; x_wconf 87' lang='lat' dir='ltr'>vim</span> 
     </span>
     <span class='ocr_line' id='line_1_39' title="bbox 133 2136 775 2188; baseline 0.002 -13"><span class='ocrx_word' id='word_1_304' title='bbox 133 2137 208 2175; x_wconf 87' lang='lat' dir='ltr'>sceleris</span> <span class='ocrx_word' id='word_1_305' title='bbox 218 2140 322 2188; x_wconf 87' lang='lat' dir='ltr'>praesentes</span> <span class='ocrx_word' id='word_1_306' title='bbox 333 2136 424 2173; x_wconf 83' lang='lat' dir='ltr'>auxilium</span> <span class='ocrx_word' id='word_1_307' title='bbox 433 2148 474 2173; x_wconf 88' lang='lat' dir='ltr'>esse</span> <span class='ocrx_word' id='word_1_308' title='bbox 483 2136 561 2174; x_wconf 89' lang='lat' dir='ltr'>laturos.</span> <span class='ocrx_word' id='word_1_309' title='bbox 590 2136 646 2182; x_wconf 73' lang='lat' dir='ltr'>Quod</span> <span class='ocrx_word' id='word_1_310' title='bbox 659 2137 675 2175; x_wconf 90' lang='lat' dir='ltr'>si</span> <span class='ocrx_word' id='word_1_311' title='bbox 682 2137 723 2188; x_wconf 82' lang='lat' dir='ltr'>jam</span> <span class='ocrx_word' id='word_1_312' title='bbox 738 2139 775 2176; x_wconf 79' lang='lat' dir='ltr'>sint</span> 
     </span>
     <span class='ocr_line' id='line_1_40' title="bbox 132 2189 774 2242; baseline 0.002 -13"><span class='ocrx_word' id='word_1_313' title='bbox 132 2191 157 2236; x_wconf 89' lang='lat' dir='ltr'>id,</span> <span class='ocrx_word' id='word_1_314' title='bbox 168 2190 220 2242; x_wconf 92' lang='lat' dir='ltr'>quod</span> <span class='ocrx_word' id='word_1_315' title='bbox 231 2203 275 2228; x_wconf 88' lang='lat' dir='ltr'>cum</span> <span class='ocrx_word' id='word_1_316' title='bbox 285 2203 359 2227; x_wconf 89' lang='lat' dir='ltr'>summo</span> <span class='ocrx_word' id='word_1_317' title='bbox 369 2189 433 2227; x_wconf 85' lang='lat' dir='ltr'>furore</span> <span class='ocrx_word' id='word_1_318' title='bbox 443 2189 527 2240; x_wconf 81' lang='lat' dir='ltr'>cupiunt,</span> <span class='ocrx_word' id='word_1_319' title='bbox 538 2189 609 2241; x_wconf 88' lang='lat' dir='ltr'>adepti,</span> <span class='ocrx_word' id='word_1_320' title='bbox 623 2203 669 2228; x_wconf 91' lang='lat' dir='ltr'>num</span> <span class='ocrx_word' id='word_1_321' title='bbox 681 2191 707 2229; x_wconf 91' lang='lat' dir='ltr'>illi</span> <span class='ocrx_word' id='word_1_322' title='bbox 720 2191 739 2229; x_wconf 87' lang='lat' dir='ltr'>in</span> <span class='ocrx_word' id='word_1_323' title='bbox 750 2192 774 2230; x_wconf 92' lang='lat' dir='ltr'>ci-</span> 
     </span>
     <span class='ocr_line' id='line_1_41' title="bbox 98 2242 775 2296; baseline -0.001 -12"><span class='ocrx_word' id='word_1_324' title='bbox 98 2250 125 2286; x_wconf 86' lang='grc'>40</span> <span class='ocrx_word' id='word_1_325' title='bbox 132 2257 177 2283; x_wconf 89' lang='lat' dir='ltr'>nere</span> <span class='ocrx_word' id='word_1_326' title='bbox 191 2244 243 2283; x_wconf 90' lang='lat' dir='ltr'>urbis</span> <span class='ocrx_word' id='word_1_327' title='bbox 257 2249 277 2282; x_wconf 92' lang='lat' dir='ltr'>et</span> <span class='ocrx_word' id='word_1_328' title='bbox 290 2243 309 2281; x_wconf 90' lang='lat' dir='ltr'>in</span> <span class='ocrx_word' id='word_1_329' title='bbox 321 2243 413 2296; x_wconf 81' lang='lat' dir='ltr'>sanguine</span> <span class='ocrx_word' id='word_1_330' title='bbox 423 2242 498 2287; x_wconf 84' lang='lat' dir='ltr'>civium,</span> <span class='ocrx_word' id='word_1_331' title='bbox 509 2255 552 2294; x_wconf 86' lang='lat' dir='ltr'>quae</span> <span class='ocrx_word' id='word_1_332' title='bbox 568 2248 632 2282; x_wconf 88' lang='lat' dir='ltr'>mente</span> <span class='ocrx_word' id='word_1_333' title='bbox 646 2245 775 2284; x_wconf 84' lang='lat' dir='ltr'>conscelerata</span> 
     </span>
     <span class='ocr_line' id='line_1_42' title="bbox 132 2296 775 2348; baseline 0.002 -12"><span class='ocrx_word' id='word_1_334' title='bbox 132 2311 154 2336; x_wconf 90' lang='lat' dir='ltr'>ac</span> <span class='ocrx_word' id='word_1_335' title='bbox 169 2298 241 2336; x_wconf 86' lang='lat' dir='ltr'>nefaria</span> <span class='ocrx_word' id='word_1_336' title='bbox 258 2297 400 2348; x_wconf 88' lang='lat' dir='ltr'>concupierunt,</span> <span class='ocrx_word' id='word_1_337' title='bbox 418 2296 505 2334; x_wconf 88' lang='lat' dir='ltr'>consules</span> <span class='ocrx_word' id='word_1_338' title='bbox 522 2309 542 2334; x_wconf 87' lang='lat' dir='ltr'>se</span> <span class='ocrx_word' id='word_1_339' title='bbox 561 2302 594 2334; x_wconf 84' lang='lat' dir='ltr'>aut</span> <span class='ocrx_word' id='word_1_340' title='bbox 612 2297 721 2343; x_wconf 83' lang='lat' dir='ltr'>dictatores,</span> <span class='ocrx_word' id='word_1_341' title='bbox 741 2303 775 2337; x_wconf 93' lang='lat' dir='ltr'>ant</span> 
     </span>
     <span class='ocr_line' id='line_1_43' title="bbox 131 2349 774 2403; baseline 0.002 -13"><span class='ocrx_word' id='word_1_342' title='bbox 131 2352 189 2390; x_wconf 86' lang='lat' dir='ltr'>ctiam</span> <span class='ocrx_word' id='word_1_343' title='bbox 206 2365 261 2403; x_wconf 83' lang='lat' dir='ltr'>reges</span> <span class='ocrx_word' id='word_1_344' title='bbox 278 2357 355 2402; x_wconf 88' lang='lat' dir='ltr'>sperant</span> <span class='ocrx_word' id='word_1_345' title='bbox 369 2350 458 2387; x_wconf 69' lang='lat' dir='ltr'>futuros?</span> <span class='ocrx_word' id='word_1_346' title='bbox 487 2349 531 2387; x_wconf 88' lang='lat' dir='ltr'>Non</span> <span class='ocrx_word' id='word_1_347' title='bbox 545 2350 611 2388; x_wconf 86' lang='lat' dir='ltr'>vident</span> <span class='ocrx_word' id='word_1_348' title='bbox 626 2351 646 2389; x_wconf 93' lang='lat' dir='ltr'>id</span> <span class='ocrx_word' id='word_1_349' title='bbox 663 2365 683 2391; x_wconf 88' lang='lat' dir='ltr'>se</span> <span class='ocrx_word' id='word_1_350' title='bbox 697 2365 774 2403; x_wconf 90' lang='lat' dir='ltr'>cupere,</span> 
     </span>
     <span class='ocr_line' id='line_1_44' title="bbox 132 2403 775 2458; baseline 0 -14"><span class='ocrx_word' id='word_1_351' title='bbox 132 2406 184 2458; x_wconf 92' lang='lat' dir='ltr'>quod</span> <span class='ocrx_word' id='word_1_352' title='bbox 194 2405 210 2443; x_wconf 91' lang='lat' dir='ltr'>si</span> <span class='ocrx_word' id='word_1_353' title='bbox 219 2405 286 2456; x_wconf 90' lang='lat' dir='ltr'>adepti</span> <span class='ocrx_word' id='word_1_354' title='bbox 299 2404 342 2449; x_wconf 84' lang='lat' dir='ltr'>sint,</span> <span class='ocrx_word' id='word_1_355' title='bbox 353 2403 435 2455; x_wconf 84' lang='lat' dir='ltr'>fugitivo</span> <span class='ocrx_word' id='word_1_356' title='bbox 444 2403 500 2441; x_wconf 88' lang='lat' dir='ltr'>alicui</span> <span class='ocrx_word' id='word_1_357' title='bbox 510 2408 543 2441; x_wconf 88' lang='lat' dir='ltr'>aut</span> <span class='ocrx_word' id='word_1_358' title='bbox 552 2405 653 2456; x_wconf 85' lang='lat' dir='ltr'>gladiatori</span> <span class='ocrx_word' id='word_1_359' title='bbox 663 2406 741 2444; x_wconf 89' lang='lat' dir='ltr'>concedi</span> <span class='ocrx_word' id='word_1_360' title='bbox 751 2406 775 2444; x_wconf 89' lang='lat' dir='ltr'>sit</span> 
     </span>
     <span class='ocr_line' id='line_1_45' title="bbox 130 2458 775 2509; baseline -0.002 -10"><span class='ocrx_word' id='word_1_361' title='bbox 130 2459 223 2499; x_wconf 78' lang='lat' dir='ltr'>necesse?</span> <span class='ocrx_word' id='word_1_362' title='bbox 252 2462 284 2497; x_wconf 79' lang='grc'>20.</span> <span class='ocrx_word' id='word_1_363' title='bbox 299 2458 384 2496; x_wconf 77' lang='lat' dir='ltr'>Tertium</span> <span class='ocrx_word' id='word_1_364' title='bbox 397 2469 458 2509; x_wconf 84' lang='lat' dir='ltr'>genus</span> <span class='ocrx_word' id='word_1_365' title='bbox 470 2461 500 2495; x_wconf 90' lang='lat' dir='ltr'>est</span> <span class='ocrx_word' id='word_1_366' title='bbox 514 2461 572 2496; x_wconf 87' lang='lat' dir='ltr'>aetate</span> <span class='ocrx_word' id='word_1_367' title='bbox 584 2458 625 2509; x_wconf 84' lang='lat' dir='ltr'>jam</span> <span class='ocrx_word' id='word_1_368' title='bbox 634 2460 730 2505; x_wconf 87' lang='lat' dir='ltr'>affectum,</span> <span class='ocrx_word' id='word_1_369' title='bbox 741 2459 775 2498; x_wconf 79' lang='lat' dir='ltr'>sed</span> 
     </span>
    </p>
   </div>
   <div class='ocr_carea' id='block_1_3' title="bbox 0 0 874 2673">
    <p class='ocr_par' dir='ltr' id='par_1_5' title="bbox 0 0 874 2673">
     <span class='ocr_line' id='line_1_46' title="bbox 0 0 874 2673; baseline 0 1"><span class='ocrx_word' id='word_1_370' title='bbox 0 0 874 2673; x_wconf 95' lang='lat' dir='ltr'> </span> 
     </span>
    </p>
   </div>
  </div>
 </body>
</html>
