1738 2673
240 52 263 78 au
277 50 391 84 carmiuare,
406 50 451 77 car⁴
466 51 484 77 x.
690 44 716 82 45

38 153 91 187 num,
100 140 120 179 id
130 139 183 191 quod
192 139 211 177 in
221 139 270 177 civili
279 150 337 176 eausa
351 138 443 176 hodierno
457 138 487 175 die
498 138 580 188 primum
590 138 683 182 videmus,

37 208 97 232 unum
111 199 174 245 atque
183 193 235 231 idem
245 192 363 231 sentientem.
393 192 488 243 Cogitate,
500 191 575 242 quarrtis
586 191 684 229 laboribus

37 248 140 285 fundatum
157 247 263 297 imperium,
281 251 352 296 quanta
365 244 435 282 uirtute
450 245 554 282 stabilitam
569 246 683 289 libertatem,

37 306 109 352 quanta
119 300 199 338 deorum
214 299 331 352 benignitate
341 303 407 336 auctas
418 304 583 349 exaggeratasque
597 298 684 335 fortunas

36 367 75 392 una
88 367 126 392 nox
143 366 198 405 paene
212 353 285 391 delerit.
315 352 339 390 Id
353 365 376 390 ne
386 366 471 403 unquam
486 353 566 404 posthac
578 365 616 389 non
625 352 702 393 mod05

37 407 108 452 confici,
120 408 153 445 sed
169 420 194 445 ne
207 406 286 459 eogitari
303 406 380 457 quidem
395 406 481 458 possita
496 406 573 449 civibus,
591 406 683 444 hodierno

36 461 67 499 die
84 461 223 512 providendum
241 466 275 498 est.
303 460 370 510 Atque
385 460 433 505 haee,
447 473 485 497 non
499 464 521 497 ut
536 472 576 503 ros,
591 459 624 510 qui
637 459 684 497 milri

36 514 100 551 studio
117 526 172 564 paene
189 513 312 564 praecurritis
330 513 438 557 excitarem,
453 514 529 550 locutus
544 526 593 557 snm,
611 513 645 549 sed
661 517 684 550 ut

36 580 79 605 mea
95 580 139 612 vox,
156 580 199 618 quae
218 567 276 605 debet
293 578 335 604 esse
351 566 370 603 in
386 579 406 604 re
420 567 498 618 publica
513 566 607 618 princeps,
622 566 683 603 officio

36 621 102 659 funeta
112 620 206 659 consulari
215 620 318 658 rideretur.
691 623 716 658 10

62 675 85 712 X.
115 679 146 712 20.
162 674 219 711 Nunc
234 677 343 724 antequem,
354 671 431 725 [Patres
442 673 558 725 conseriptil,
573 673 598 710 ad
607 678 682 711 senten-

35 727 82 765 tiam
96 727 159 772 redeo,
171 727 195 765 de
205 740 236 764 me
250 739 313 778 pauca
327 726 395 764 dicam.
424 726 472 777 Ego,
488 732 560 777 quanta
575 739 643 764 manus
654 731 683 763 est

35 782 185 833 conjuratorum,
203 793 262 832 quam
276 780 345 818 videtis
361 792 403 817 esse
417 792 548 832 permagnam,
565 785 638 817 tantam
652 792 683 818 me

34 835 153 873 inimicorum
169 834 312 872 multitudinem
328 834 435 884 suscepisse
452 835 512 878 iidoc,
531 834 565 872 sed
583 847 625 871 eam
641 846 683 871 esse

35 893 112 940 turpem
127 888 199 939 judico,
214 887 309 925 infirmam
323 891 342 924 et
357 888 458 938 abjectam.
488 888 544 931 erod
555 888 570 925 si
580 886 682 937 aliquando
691 890 715 924 15

35 942 115 992 alicujus
125 943 189 979 furore
199 946 219 978 et
233 941 304 979 scelere
314 941 408 979 concitata
419 954 486 978 uranus
495 941 532 979 ista
547 941 590 992 plns
601 940 683 978 valuerit

35 1007 93 1044 quam
107 999 171 1032 vestra
185 1007 208 1031 ae
223 994 250 1031 rei
267 994 349 1044 publicae
366 994 454 1045 dignitas,
470 1007 500 1031 me
516 1001 581 1032 tamen
594 1007 682 1031 meorum

34 1048 129 1085 factorum
147 1051 206 1097 atque
226 1047 346 1084 consiliorum
365 1059 468 1097 uunquam,
486 1048 554 1085 Patres
573 1047 681 1098 conscripti,

35 1101 141 1152 poenitebit.
163 1100 239 1137 Etenim
248 1113 305 1143 mora,
317 1113 375 1150 quam
384 1101 431 1137 milri
440 1100 466 1138 illi
474 1101 554 1138 fortasse
564 1101 681 1144 minitantur,

34 1154 122 1192 omnibus
132 1159 162 1192 est
177 1160 255 1205 parata:
270 1153 315 1190 vira
331 1158 405 1191 tantam
420 1153 503 1197 laudem,
515 1159 586 1204 quanta
600 1167 634 1191 vos
651 1157 714 1191 meaa

34 1208 101 1246 restris
119 1208 201 1246 decretis
217 1208 338 1253 honestastis,
356 1221 412 1246 nemo
427 1213 456 1246 est
473 1215 578 1246 assecutus,
608 1207 681 1246 Ceteris

34 1262 84 1299 enim
101 1262 150 1300 bene
165 1268 226 1314 gesta,
236 1262 284 1299 milri
300 1262 333 1299 urii
348 1268 460 1300 conseruata
474 1275 494 1299 re
505 1263 583 1313 publiea
596 1262 680 1315 gratula-

34 1315 106 1353 tionem
116 1316 231 1353 decrevistis
256 1319 288 1353 21.
304 1315 333 1353 Sit
343 1315 407 1365 Scipio
418 1316 480 1353 clarus
490 1316 526 1359 ille,
538 1316 593 1367 eujus
604 1315 681 1353 consilio

34 1373 92 1419 atque
102 1369 173 1406 uirtute
187 1369 284 1406 Hannibal
295 1369 314 1405 in
324 1369 410 1406 Africam
420 1369 481 1406 redire
492 1376 549 1419 atque
561 1370 615 1406 ltalia
625 1369 680 1406 deee-

35 1422 79 1459 dere
90 1427 167 1460 coaetus
178 1427 219 1467 est;
234 1427 312 1460 ornetur
321 1422 369 1459 alter
379 1422 447 1460 eximia
461 1422 518 1460 laude
528 1422 637 1466 Africanus,
649 1421 681 1473 qui
689 1425 714 1460 25

34 1475 82 1512 duas
92 1477 150 1513 urbes
160 1476 204 1513 huic
214 1476 293 1526 imperio
303 1476 433 1513 infestissimas
444 1476 584 1527 Karthaginem
594 1476 680 1513 Numan-

34 1528 119 1580 tiamque
129 1529 211 1573 delevit3
226 1530 320 1567 habeatur
329 1530 358 1566 vir
372 1529 461 1581 egregius
475 1529 555 1567 Paullus
570 1530 607 1573 ille,
625 1530 680 1580 cujus

34 1595 111 1619 currum
120 1595 154 1619 rex
170 1583 313 1632 potentissimus
323 1583 421 1632 quondam
437 1589 456 1620 et
469 1583 597 1620 nobilissimus
611 1584 680 1620 Perses

33 1634 152 1673 honestavit:
168 1635 192 1672 sit
202 1641 273 1673 aeterna
289 1636 350 1686 gloria
364 1635 442 1679 alarius,
453 1636 485 1686 qni
500 1636 529 1673 bis
544 1636 619 1673 ltaliam
630 1636 678 1673 obsi-

34 1688 90 1725 dione
107 1694 127 1725 et
145 1693 197 1726 metu
214 1689 310 1726 seruitutis
326 1689 424 1732 liberarit;
446 1695 574 1739 anteponatur
591 1689 713 1726 omnibuseo

33 1741 143 1792 Pompeius⁷
154 1741 209 1792 eujus
226 1755 256 1779 res
273 1747 334 1793 gestae
350 1747 408 1791 atque
423 1742 502 1779 virtutes
519 1742 592 1786 iisdem,
609 1742 678 1793 quibus

34 1794 78 1832 solis
85 1808 157 1839 cursus,
164 1795 274 1846 regionibus
282 1808 304 1832 ac
312 1795 395 1833 terminis
404 1796 524 1833 continentur
532 1809 536 1833 :
549 1797 584 1833 erit
591 1796 678 1846 prolecto

33 1847 82 1885 inter
98 1848 167 1886 horum
184 1849 251 1886 laudes
261 1849 333 1899 ahquid
350 1849 387 1886 loci
400 1854 472 1887 nostrae
487 1849 553 1901 gloriae
561 1863 566 1894 ;
580 1850 615 1887 nisi
629 1849 679 1887 forte

33 1902 96 1953 majus
106 1907 136 1940 est
152 1902 260 1954 patefacere
270 1902 324 1940 nobis
339 1902 450 1955 prouincias,
461 1916 499 1953 quo
510 1904 560 1940 exire
577 1904 678 1954 possimus,

33 1968 91 2005 quam
101 1969 173 2000 curare,
184 1960 206 1993 ut
216 1957 272 1994 etiarn
282 1957 314 2001 illi,
325 1957 358 2008 qui
367 1957 443 2001 absunt,
453 1957 543 2001 habeant,
552 1969 589 2008 quo
598 1957 679 1995 victores
687 1959 712 1994 35

33 2014 158 2048 revertantur
188 2013 218 2048 22<
234 2011 356 2061 Quamquam
370 2015 399 2048 est
413 2023 452 2048 uuo
464 2011 507 2048 loco
521 2011 603 2048 conditio
613 2011 679 2048 melior

33 2067 118 2100 externa
128 2063 212 2102 victoriae
226 2077 284 2115 quam
294 2064 410 2108 domesticae,
421 2064 474 2115 quod
488 2064 554 2102 hostes
568 2064 679 2116 alienigena}

33 2120 67 2153 aut
77 2118 164 2168 oppressi
174 2117 258 2156 seruiunt
268 2123 301 2155 aut
315 2119 387 2168 recepti
402 2118 493 2156 beneficio
503 2132 523 2156 se
534 2118 629 2170 obligatos
643 2131 678 2169 pu-

33 2172 85 2207 tant:
101 2171 133 2221 qui
147 2176 212 2209 autem
223 2184 246 2209 ex
255 2184 334 2209 numero
346 2172 414 2209 civium
425 2171 521 2209 dementia
532 2172 596 2222 aliqua
611 2172 678 2222 depra-

33 2223 72 2259 rati
81 2224 147 2262 hostes
157 2225 224 2275 patriae
234 2225 292 2263 semel
303 2238 344 2263 esse
354 2231 460 2276 coeperunt,
472 2237 510 2269 eos
521 2238 581 2276 quum
592 2237 603 2261 a
617 2225 678 2275 perui·
687 2226 712 2261 40

33 2275 61 2313 cic
77 2277 104 2315 rei
120 2278 204 2328 publicae
216 2279 329 2330 reppuleris,
347 2292 382 2316 nee
400 2279 418 2316 ri
433 2291 520 2316 coercere
537 2291 572 2316 nec
588 2278 679 2316 beneficio

33 2328 109 2379 placare
124 2332 196 2382 possis;
212 2345 270 2383 quare
284 2332 331 2371 mihi
348 2346 392 2370 cum
407 2332 487 2384 perditis
504 2332 576 2370 ciuibus
586 2337 680 2370 aeternum

32 2381 105 2422 bellum
114 2390 227 2437 susceptum
242 2399 283 2425 esse
292 2387 354 2425 rideo.
383 2386 407 2424 Id
422 2399 458 2439 ego
469 2392 532 2424 restro
545 2387 680 2436 bonorumque

33 2438 118 2477 omnium
134 2439 204 2477 auxilio
220 2440 351 2492 memoriaque
366 2445 464 2479 tantorum
484 2440 618 2492 periculorum,
635 2452 679 2491 quae
