1738 2673
20 2492 25 2507 Ι

110 59 148 94 112
430 67 502 94 onnrro

144 157 173 194 sui
184 157 255 207 posteri
262 157 424 194 latrocinarentur.
450 161 479 194 18.
495 157 563 207 Itaque
572 156 591 193 in
599 155 666 194 eadem
676 156 712 194 ista
721 155 787 207 Appia

143 209 174 248 riu
190 224 250 262 quum
260 210 401 248 ornatissimum
411 210 494 261 equitem
510 210 618 247 Romanum
632 210 654 248 P.
666 209 745 248 Clodius
759 209 785 248 M.

143 264 241 316 Papirium
262 264 368 308 occidisset,
388 277 426 301 uon
444 263 481 301 fuit
499 263 546 301 illud
565 263 638 301 facinus
657 262 786 315 puniendum;

143 318 201 356 homo
211 318 261 355 enim
277 318 344 355 nobilis
361 318 379 354 in
389 317 427 354 suis
441 316 569 354 monumentis
584 316 667 367 equitem
678 317 786 354 Romanum

120 377 132 411 5
143 371 240 410 occiderat
246 385 251 416 3
265 384 315 409 nune
325 370 412 421 ejusdem
422 370 494 421 Appiae
503 382 572 407 nomen
586 375 667 420 quantas
682 369 786 421 tragoedias

143 425 224 463 excitat!
253 426 302 470 Quae
316 429 415 461 cruentata
430 428 486 460 antea
502 422 556 461 eaede
573 422 647 461 honesti
661 429 719 473 atque
733 423 785 461 inno·

142 479 202 516 centis
212 478 246 516 viri
256 478 352 521 silebatur,
364 476 431 514 eadem
441 489 491 514 nuno
506 476 573 514 erebro
583 481 693 527 usurpatur,
709 482 784 527 postea·

141 544 199 582 quum
210 532 286 569 latronis
296 536 316 569 et
330 531 429 582 parrieidae
439 529 531 582 sanguine
543 529 616 568 imbuta
627 537 661 568 est.
690 529 729 568 Sed
739 530 785 580 quid

141 597 179 636 ego
188 586 220 623 illa
228 597 357 623 commemoro
363 585 372 621 ‘l
393 584 548 635 Oompreliensus
556 588 585 621 est
594 584 693 635 intemplo
702 583 785 621 Castoris

107 644 131 678 10
141 651 207 677 servus
217 639 239 677 P.
251 638 319 682 Clodii,
327 651 384 689 quem
394 637 425 676 ille
433 638 457 676 ad
469 638 503 675 Cn.
511 637 625 688 Pompeium
634 637 785 675 interficiendum

141 693 254 736 eollooar·at;
276 697 350 730 extorta
367 697 396 729 est
413 692 510 729 confitenti
519 691 558 728 siea
574 691 598 728 de
608 692 707 735 manibus;
725 691 785 728 caruit

140 746 182 784 foro
193 751 260 797 postea-
269 745 379 797 Pompeius,
390 745 450 783 caruit
464 750 537 789 senatu,
549 744 610 782 caruit
619 745 707 795 publioo;
725 745 785 796 janua

140 812 161 837 se
171 813 193 838 ae
208 801 318 851 parietibus,
329 813 366 837 non
379 800 422 850 jure
432 800 496 851 legum
507 798 661 849 judiciorumque
670 798 723 836 terit.
753 803 783 837 19.

140 853 193 890 Num
203 866 246 904 quae
256 853 329 905 rogatio
339 853 383 897 lata,
394 866 440 889 num
450 865 493 903 quae
502 865 552 889 nova
561 852 641 902 quaestio
651 852 728 889 decreta
738 853 783 890 est?

105 913 129 948 15
140 907 208 957 Atqui,
220 907 235 944 si
245 920 280 951 res,
289 907 304 944 si
314 907 348 950 vir,
359 907 375 944 si
385 913 461 957 tempus
471 905 531 943 ullum
542 905 620 956 dignum
630 905 671 949 fuit,
679 911 730 943 certe
740 906 783 944 lraee

139 960 157 997 in
167 961 199 997 illa
209 973 266 998 eausa
276 973 350 997 summa
360 960 423 997 onmia
437 960 519 997 luerunt.
549 958 650 996 Insidiator
659 964 700 996 erat
714 959 732 996 in
742 960 783 997 loro

139 1014 244 1051 collocatus
259 1020 317 1064 atque
333 1013 351 1050 in
366 1013 460 1050 vestibulo
474 1013 516 1063 ipso
530 1017 618 1056 senatus;
634 1014 651 1051 ei
664 1013 704 1050 viro
718 1018 783 1050 autem

138 1080 190 1105 mors
205 1067 380 1118 parabatu1·,oujus
397 1067 415 1103 in
425 1067 463 1104 vita
478 1066 574 1104 nitebatur
583 1066 635 1103 salus
650 1066 741 1110 eivitatis;
760 1080 783 1105 eo

139 1134 197 1171 porro
207 1121 233 1158 rei
247 1121 329 1171 publieae
342 1128 434 1170 tempore,
445 1133 489 1171 quo,
500 1120 516 1156 si
529 1132 577 1156 unus
589 1119 619 1156 ille
630 1121 734 1164 occidisset,
745 1134 783 1158 non

104 1174 181 1214 aohaee
197 1175 259 1212 solum
276 1174 347 1218 civitas,
365 1173 399 1211 sed
416 1180 483 1225 gentes
496 1185 560 1210 omnes
576 1173 707 1211 concidissent.
741 1173 783 1211 Nisi

139 1240 190 1273 vero,
201 1228 245 1279 quia
255 1228 341 1278 perfecta
350 1241 381 1265 res
391 1240 428 1265 nou
438 1233 472 1271 est,
483 1226 567 1264 nonfuit
581 1226 676 1278 punienda
685 1241 689 1271 ;
704 1228 782 1277 proinde

139 1281 194 1332 quasi
204 1282 265 1320 exitus
280 1294 348 1325 rerum,
359 1294 397 1318 non
407 1281 504 1318 homiuum
515 1280 592 1318 consilia
605 1280 678 1331 legibus
688 1280 782 1319 vindicen-

139 1340 176 1373 tur.
201 1336 265 1373 Minus
275 1335 378 1372 dolendum
388 1335 431 1379 fuit,
442 1347 462 1371 re
472 1347 509 1371 non
519 1334 609 1384 perlecta,
620 1335 654 1372 sed
665 1334 782 1386 puniendum

139 1395 191 1427 certe
205 1389 263 1426 nihilo
280 1389 347 1426 minus.
377 1392 408 1425 20.
424 1387 502 1432 Quoties
517 1400 553 1438 ego
567 1387 613 1438 ipse,
624 1387 705 1438 judiees,
720 1402 744 1426 eu
760 1388 781 1426 P.

104 1449 129 1484 25
140 1442 203 1481 Clodii
213 1442 255 1480 telis
265 1447 285 1480 et
301 1455 324 1480 ex
339 1441 420 1480 eruentis
431 1441 472 1492 ejus
486 1441 573 1478 manibus
584 1441 657 1492 effigi?
672 1455 695 1479 ex
713 1442 783 1493 quibus

139 1496 155 1534 si
169 1510 200 1535 me
214 1510 251 1534 nou
266 1496 296 1534 vel
310 1508 353 1533 mea
363 1495 393 1533 vel
407 1495 434 1532 rei
449 1494 529 1545 publioae
539 1494 616 1532 fortuna
630 1501 729 1540 servasset,
740 1496 782 1546 quis

139 1551 216 1589 tandem
228 1550 252 1588 de
262 1550 339 1587 interitu
349 1562 391 1586 meo
401 1548 526 1599 quaestionem
536 1548 627 1586 tulisset?

166 1605 223 1642 VHI.
245 1604 284 1642 Sed
301 1603 355 1640 stulti
370 1616 441 1646 sumus,
458 1602 490 1652 qui
507 1602 597 1646 Drusum,
615 1602 647 1652 qui
664 1602 781 1647 Africanum,

138 1657 259 1709 Pompeium,
268 1663 343 1695 nosmet
352 1657 403 1707 ipsos
414 1669 458 1693 oum
468 1656 489 1693 P.
498 1655 565 1693 Clodio
576 1655 660 1693 conferre
670 1656 781 1694 audeamus.

104 1711 251 1752 30Tolerahilia
269 1712 348 1749 fuerunt
366 1710 409 1754 illa;
431 1710 453 1747 P.
472 1709 534 1747 Clodii
553 1716 634 1746 mortem
653 1722 708 1747 nemo
725 1723 782 1761 aequo

139 1766 201 1803 animo
213 1766 262 1803 ferre
276 1769 346 1816 potest.
375 1764 439 1816 Luget
449 1768 531 1807 senatus,
548 1768 617 1801 maeret
627 1770 714 1814 equester
729 1764 781 1808 ordo,

138 1824 180 1857 tota
190 1820 256 1857 onitas
266 1819 353 1857 confecta
367 1818 419 1856 senio
429 1823 464 1861 est,
475 1817 563 1868 squalent
572 1817 681 1868 municipia,
691 1817 781 1855 afflictan-

138 1877 170 1910 tur
180 1873 265 1917 eoloniae,
274 1872 315 1924 agri
325 1872 406 1922 denique
412 1871 447 1922 ipsi
457 1876 497 1908 tam
505 1871 616 1914 beneficum,
625 1875 665 1908 tam
673 1871 781 1915 salutarem,

138 1930 179 1963 um
191 1932 312 1964 mansuetum
322 1925 382 1963 eirem
392 1924 506 1962 desiderant.
536 1928 566 1961 21.
581 1924 625 1961 Non
635 1925 671 1961 fuit
686 1937 708 1962 ea
718 1937 781 1969 eausa,

104 1986 129 2021 35
138 1980 218 2030 judiees,
229 1980 321 2030 profecto,
332 1978 421 2021 nonfuit,
433 1991 466 2015 eur
476 1977 510 2014 sihi
520 1982 606 2014 censeret
615 1977 719 2028 Pompeius
729 1991 782 2028 quae-

139 2033 220 2071 stionem
232 2032 343 2075 ferendam
358 2031 392 2069 sed
402 2031 459 2068 homo
474 2030 549 2080 sapiens
561 2035 619 2080 atque
633 2031 672 2068 alta
687 2036 706 2068 et
721 2032 783 2069 divina

139 2087 224 2137 quadam
233 2092 297 2124 mente
310 2085 404 2136 praeditus
419 2084 480 2121 multa
489 2083 547 2128 ridit;
562 2083 619 2121 fuisse
635 2083 688 2122 illum
700 2085 735 2123 sibi
749 2085 782 2122 ini-

139 2141 215 2185 micum,
226 2140 338 2177 familiarem
349 2138 439 2175 Milonem
445 2150 449 2181 3
464 2137 483 2174 in
493 2137 588 2174 communi
597 2138 681 2175 omniurn
691 2139 757 2176 laetitia
767 2139 782 2176 si

139 2195 196 2232 etiam
206 2194 248 2245 ipse
257 2193 358 2245 gauderet,
369 2191 437 2235 timuit,
448 2203 472 2228 ne
482 2190 578 2228 videretur
588 2190 677 2229 infirmior
691 2192 739 2230 fides
753 2206 781 2230 re·

103 2254 129 2289 40
139 2248 244 2286 eonoiliatae
253 2246 333 2300 gratiee;
348 2245 409 2282 multa
418 2245 475 2282 etiam
485 2244 521 2281 alia
531 2244 583 2289 vidit,
594 2245 627 2282 sed
637 2245 684 2283 illud
694 2246 781 2290 maxime,

139 2302 225 2352 quamvis
240 2301 329 2339 atrociter
339 2300 380 2351 ipse
390 2298 470 2341 tulisset,
482 2311 515 2335 ros
529 2304 594 2335 tamen
603 2298 677 2336 fortiter
685 2299 782 2350 judicatu-

138 2368 175 2393 ros.
204 2356 272 2406 Itaque
282 2354 354 2406 delegit
369 2351 525 2390 ederentissimis
538 2352 635 2389 ordinibus
649 2352 691 2404 ipsa
705 2353 782 2391 lumina.

139 2408 207 2460 Neque
222 2422 273 2453 vero,
288 2408 340 2459 quod
357 2405 442 2444 nonnulli
452 2405 546 2449 dictitant,
559 2405 639 2443 secreuit
655 2407 673 2444 in
686 2407 783 2459 judicibus

139 2462 225 2515 legendis
235 2463 306 2500 amion
315 2474 374 2499 meos.
403 2460 472 2510 Neque
481 2458 531 2496 euim
538 2459 575 2496 hoe
583 2459 674 2510 cogitavit
682 2460 709 2498 vir
717 2460 781 2512 justis·
