1738 2673
345 405 406 444 PRO

87 519 134 595 ll.
174 519 405 597 tttttlto
440 522 666 599 latura

311 681 441 724 POETA

257 811 490 872 ORATIO.

256 997 486 1005 ——-—-——---

77 1129 93 1168 Ι.
124 1133 140 1168 1,
156 1129 179 1168 Si
195 1129 241 1181 quid
258 1134 287 1167 est
302 1130 322 1167 in
331 1142 362 1167 me
376 1130 451 1181 ingenii,
467 1129 549 1180 judices,
566 1131 619 1181 quod
636 1130 696 1168 sentio

51 1196 109 1234 quam
119 1183 143 1221 sit
153 1184 250 1235 exiguum,
261 1189 294 1221 aut
304 1183 319 1221 si
329 1195 367 1234 qua
377 1184 486 1221 exercitatio
496 1183 577 1228 dicendi,
588 1183 607 1221 in
617 1196 655 1235 qua
664 1196 696 1221 me

50 1249 88 1274 non
101 1236 171 1274 infitior
184 1237 305 1275 mediocriter
319 1249 361 1274 esse
375 1242 478 1281 versatum,
489 1241 523 1274 aut
539 1237 555 1274 si
570 1237 652 1286 hujusce
667 1237 695 1275 rei

49 1291 98 1328 ratio
107 1290 171 1341 alique
185 1290 210 1329 ab
220 1291 336 1341 optimarum
345 1291 415 1328 artium
425 1290 493 1328 studiis
502 1302 525 1327 ac
535 1290 635 1341 disciplina
649 1304 693 1342 pro-

50 1343 106 1388 fecta,
124 1357 135 1381 a
152 1356 190 1395 qua
206 1356 243 1395 ego
261 1344 336 1382 nullum
355 1343 446 1381 confiteor
465 1343 528 1381 aetatis
547 1357 596 1381 meae
616 1349 693 1395 tempus
715 1347 727 1380 5

50 1397 182 1436 abhorruisse:
204 1410 270 1435 earum
286 1410 350 1436 rerum
367 1397 452 1436 omnium
466 1397 497 1436 vel
512 1396 532 1435 in
546 1396 611 1448 primis
625 1397 656 1436 hio
666 1397 692 1435 A.

49 1450 131 1489 Licinius
141 1451 226 1489 fructum
236 1463 247 1488 a
256 1463 288 1489 me
297 1455 385 1503 repetere
394 1463 455 1502 prope
465 1463 500 1488 suo
508 1450 551 1502 jure
562 1450 625 1489 debet.
640 1451 692 1488 Nam

50 1504 114 1555 quoad
127 1505 239 1557 longissime
252 1509 318 1556 potest
327 1517 381 1542 mens
391 1517 434 1542 mea
442 1505 537 1555 respicere
547 1505 631 1554 spatium
641 1518 692 1555 prae-

49 1558 100 1596 teriti
113 1558 205 1609 temporis
220 1562 239 1597 et
255 1558 342 1610 pueritiae
357 1558 469 1596 memoriam
484 1557 581 1596 recordari
597 1558 691 1602 ultimam,

49 1610 93 1649 inde
103 1624 164 1663 usque
173 1617 263 1663 repetens
273 1612 324 1649 hunc
334 1611 390 1649 rideo
399 1611 445 1649 mihi
455 1610 560 1662 principem
569 1615 588 1649 et
597 1612 622 1649 ad
632 1611 691 1649 susci·
700 1612 725 1647 10

49 1664 139 1716 piendam
153 1669 173 1703 et
189 1666 214 1704 ad
230 1665 375 1718 ingrediendam
391 1664 484 1702 rationem
500 1664 569 1701 horum
584 1665 691 1702 studiorum

49 1719 148 1757 exstitisse.
177 1719 251 1764 Quodsi
266 1719 310 1757 haec
324 1731 363 1756 vox
378 1718 437 1769 hujus
453 1718 532 1755 hortatu
548 1718 691 1769 praeceptisque

49 1773 167 1810 conformata
181 1772 276 1811 nonnullis
285 1771 388 1822 aliquando
397 1771 454 1809 saluti
468 1771 514 1815 fuit3
529 1784 588 1821 aquo
602 1770 622 1809 id
637 1784 690 1809 acce-

49 1825 118 1876 pimus,
129 1838 167 1877 quo
177 1826 244 1864 ceteris
254 1825 344 1877 opitulari
352 1829 372 1863 et
386 1825 432 1863 alios
442 1837 517 1862 serrare
529 1837 636 1876 possemus,
646 1825 691 1863 huic

49 1880 136 1929 prolecto
150 1879 192 1931 ipsi,
202 1884 296 1931 quantum
305 1883 335 1917 est
344 1878 402 1916 situm
415 1878 435 1917 in
444 1878 504 1923 nobis,
515 1883 535 1916 et
545 1891 602 1929 opem
612 1884 631 1917 et
641 1879 690 1916 salu·
700 1880 724 1916 15

49 1936 88 1970 tem
104 1933 154 1971 serre
170 1934 269 1973 debemus.
298 1937 316 1971 2.
331 1933 362 1971 Ac
376 1945 401 1970 ne
415 1932 457 1983 quis
471 1932 551 1971 anobis
565 1932 602 1970 hoc
618 1932 645 1970 ita
655 1933 692 1970 dici

48 1984 98 2024 forte
107 1987 193 2033 miretur,
203 1987 256 2039 quod
270 1986 307 2025 alia
317 1986 408 2038 quaedam
417 1986 436 2024 in
445 1986 482 2024 hoc
491 1986 573 2024 facultas
583 1986 608 2023 sit
620 1986 692 2037 ingenii

48 2050 110 2091 neque
119 2040 163 2078 haec
173 2041 249 2079 dicendi
258 2041 306 2078 ratio
316 2044 349 2078 aut
359 2039 464 2091 disciplina,
474 2053 498 2078 ue
509 2052 544 2078 nos
559 2039 636 2091 quidem
647 2039 691 2078 huic

49 2092 81 2130 uni
95 2094 159 2131 studio
175 2095 252 2146 penitus
261 2107 347 2145 unquam
361 2093 421 2132 dediti
434 2093 511 2132 fuimus.
539 2093 616 2132 Etenim
625 2106 691 2131 omues

49 2149 106 2191 artes,
125 2160 169 2198 quae
187 2148 212 2186 ad
228 2148 369 2186 humanitatem
385 2147 486 2198 pertinent,
503 2147 576 2185 habeut
592 2146 690 2197 quoddam
699 2149 724 2183 20

49 2211 150 2238 commune
159 2201 257 2240 vinculum
271 2206 291 2240 et
304 2201 359 2253 quasi
375 2201 489 2253 cognatione
503 2200 588 2252 quadam
604 2200 654 2238 iuter
669 2213 690 2238 se

49 2254 174 2293 continentur.

75 2306 102 2345 Π.
132 2312 150 2345 3.
165 2307 205 2346 Sed
219 2309 284 2348 necui
297 2313 383 2347 vestrum
393 2309 463 2347 mirum
476 2320 518 2345 esse
527 2306 615 2345 videatur
626 2319 657 2345 me
671 2306 691 2344 in

49 2360 156 2410 quaestione
169 2361 256 2412 legitima
265 2367 285 2400 et
298 2363 318 2400 iu
330 2362 403 2415 judicio
413 2361 496 2414 publica,
506 2374 566 2411 quum
580 2373 610 2398 res
620 2366 691 2413 agatur

49 2413 102 2464 apud
111 2418 215 2465 praetorem
225 2416 292 2467 populi
301 2416 389 2462 Romani,
397 2415 523 2455 rectissimum
530 2414 598 2460 virum,
609 2419 629 2453 et
638 2413 691 2466 apud
699 2417 724 2454 25

49 2467 178 2507 severissimos
185 2468 261 2524 judices
270 2474 325 2508 tanto
332 2475 428 2509 conventu
436 2468 536 2509 hominum
545 2481 567 2507 ac
577 2468 690 2522 frequentia,
