1738 2673
283 48 307 74 nr
321 47 439 82 1111111111,
454 46 499 74 car.
514 48 541 73 rx.
745 35 771 73 15

89 136 137 177 ordo
147 137 182 177 sibi
196 136 274 190 placere
284 136 390 176 decreverit
403 141 424 176 te
438 136 466 176 ire
479 137 499 175 in
512 135 605 181 exsilium,
615 135 737 188 obtempera·

87 196 154 231 truum
163 197 183 230 te
191 205 233 230 esse
243 191 296 230 dicis.
324 192 344 229 N
345 205 369 229 on
379 192 467 237 referam,
475 191 495 229 id
505 190 558 243 quod
568 191 659 229 abhorret
669 203 680 227 a
689 191 737 229 meis

88 246 187 284 moribus:
206 246 240 284 sed
256 251 321 284 tamen
335 246 411 290 faciam,
426 250 449 283 ut
463 245 564 297 intelligas,
581 244 627 296 quid
640 244 660 282 hi
677 245 701 282 de
717 250 738 283 te

88 300 176 339 sentiant.
204 299 303 353 Egredere
313 313 337 338 ex
346 300 400 345 urbe,
412 299 504 338 Catilina:
520 300 579 338 libera
589 311 630 337 rem
640 298 738 350 publicam

87 360 152 393 metu:
166 354 186 393 111
201 353 293 400 exsilium,
311 354 327 393 si
342 354 391 393 hanc
406 366 473 393 vocem
487 359 594 406 exspectas,
610 352 757 405 proficiscere5

88 408 140 456 Quid
150 413 185 454 est,
197 408 296 447 Catilina?
324 408 400 461 Ecquid
414 408 503 453 attendis,
516 408 585 460 ecquid
600 408 736 445 animadvertis

87 464 157 502 horum
176 463 289 502 silentium?
330 463 439 508 Patiuntur,
459 468 529 501 tacent.
568 462 619 509 Quid
634 467 736 514 exspectas

88 519 223 557 auctoritatem
241 517 366 570 loquentium,
390 531 471 569 quorum
491 518 610 556 veluntatem
634 518 737 555 tacitorum

89 572 198 624 perspicis?
228 577 259 611 21.
274 573 303 611 At
318 572 334 611 si
349 572 385 611 hoc
401 572 454 610 idem
470 572 515 611 huic
525 571 641 610 adolescenti
655 571 735 624 optimo,

87 626 109 665 P.
121 626 189 672 Sestio,
200 626 216 665 si
225 626 329 665 fortissimo
339 626 385 671 viro,
395 626 422 664 M.
433 626 525 665 Marcello
536 626 631 671 dixissem,
639 627 680 678 J'am
689 625 736 664 milri
745 624 770 659 10

88 681 162 719 consuli
171 682 208 720 hoc
217 681 260 732 ipse
270 681 289 719 in
298 680 371 732 templo
377 681 420 732 jure
428 681 501 731 optimo
508 685 586 719 senatus
592 680 631 718 vim
640 685 660 718 et
667 692 736 718 manus

86 735 189 774 intulisset.
218 735 248 773 De
254 740 275 773 te
284 740 355 779 autem,
365 734 452 779 Catilina,
461 748 521 786 quum
529 734 635 786 quiescunt,
646 735 735 786 probant,

86 802 146 840 quum
157 789 262 841 patiuntur,
275 789 385 834 decernunt,
396 801 456 841 quum
466 794 537 833 tacent,
548 789 637 827 clamant.
666 788 736 839 Neque

86 843 106 881 111
119 843 187 888 solum,
198 857 281 896 quorum
295 843 330 882 tibi
341 843 445 881 auctoritas
456 848 486 881 est
496 843 584 881 videlicet
600 856 649 887 cara,
660 843 735 881 1111111-

85 897 169 936 lissima:
184 899 218 937 sed
233 898 291 936 etiam
304 897 330 936 illi
346 897 419 949 equites
436 897 523 943 Romani,
534 896 662 936 honestissimi
677 903 736 949 atque
744 895 769 930 15

86 952 203 1003 optiminam,
214 952 310 1003 ceterique
324 951 422 990 fortissimi
433 951 489 995 cives,
500 952 532 1003 qui
547 952 671 990 circumstant
681 964 735 989 sena-

85 1012 133 1051 tum,
144 1019 226 1057 quorum
235 1011 258 1044 tu
267 1011 287 1044 et
300 1006 428 1057 frequentiam
438 1005 503 1043 videre
513 1011 532 1044 et
546 1005 611 1044 studia
625 1006 735 1057 perspicere

86 1065 106 1098 et
120 1073 177 1098 voces
192 1059 258 1111 paullo
272 1064 317 1097 ante
331 1059 422 1097 exaudire
437 1059 521 1111 potuisti.
551 1059 638 1105 Quorum
653 1071 689 1112 ego
703 1060 736 1097 vix

87 1113 152 1152 abste
167 1113 243 1166 jamdiu
251 1126 320 1151 manus
330 1126 352 1151 ac
366 1113 405 1151 tela
416 1114 509 1158 contineo,
520 1113 598 1151 eusdem
607 1113 663 1152 facile
674 1113 734 1151 addu-

86 1181 134 1212 cam,
145 1173 167 1206 ut
181 1172 201 1206 te
210 1169 260 1213 haec,
271 1181 316 1219 quae
329 1167 445 1220 jampridem
458 1172 533 1205 vastare
543 1167 616 1213 studes,
627 1167 734 1220 relinquen-
743 1167 769 1202 20

85 1226 126 1260 tem
136 1234 197 1274 usque
207 1222 232 1260 ad
243 1228 309 1273 portas
319 1227 465 1273 prosequantur.

113 1276 147 1314 [X.
177 1281 208 1315 22.
224 1276 346 1327 Quamquam
357 1276 403 1328 quid
413 1275 498 1327 loquor?
526 1275 553 1314 Te
563 1280 584 1314 nt
594 1275 633 1314 ulla
643 1288 673 1314 res
683 1276 734 1315 fran-

86 1332 135 1381 gat?
164 1331 194 1368 Tu
207 1336 230 1369 ut
244 1343 330 1382 unquam
346 1335 366 1369 te
382 1330 483 1382 corrigas?
511 1331 541 1367 Tu
554 1337 576 1369 ut
590 1331 650 1368 ullam
666 1331 735 1383 fugam

85 1385 192 1423 meditere?
220 1385 250 1422 Tu
265 1391 287 1422 ut
302 1384 363 1422 ullum
378 1384 465 1422 exsilium
480 1385 570 1436 cogites?
604 1384 683 1423 Utinam
700 1384 734 1423 tibi

85 1437 142 1476 istam
151 1442 236 1477 mentem
247 1438 272 1477 dii
281 1438 398 1476 immortales
408 1438 463 1476 duint
472 1438 475 1476 l
499 1438 584 1477 Tametsi
593 1437 655 1483 rideo,
666 1439 681 1477 si
690 1451 734 1477 mea
742 1439 767 1475 25

85 1505 132 1531 voce
149 1493 261 1545 perterritus
276 1493 303 1531 ire
320 1492 339 1530 in
352 1492 439 1531 exsilium
445 1492 533 1543 animum
547 1492 650 1538 induxeris,
661 1499 734 1545 quanta

85 1550 191 1599 tempestas
201 1547 277 1586 invidiae
287 1546 347 1592 nobis,
356 1547 372 1585 si
381 1546 443 1584 minus
453 1546 472 1584 in
482 1560 568 1598 praesens
578 1553 656 1599 tempus
662 1548 734 1586 recenti

84 1602 176 1639 memoria
192 1602 286 1640 scelerum
301 1607 385 1646 tuorum,
400 1607 421 1639 at
435 1601 455 1638 in
469 1601 602 1652 posteritatem
615 1602 732 1652 impendeat.

86 1654 125 1692 Sed
135 1660 164 1693 est
180 1655 240 1699 tanti;
256 1654 361 1693 dummodo
375 1655 412 1692 ista
426 1654 502 1705 privata
511 1654 536 1692 sit
546 1655 643 1693 calamitas
653 1661 673 1693 et
685 1668 697 1691 a
705 1655 733 1693 rei

85 1709 169 1760 publicae
180 1709 269 1760 periculis
279 1708 398 1759 sejungatur.
427 1708 467 1745 Sed
476 1712 499 1745 tu
508 1713 530 1746 ut
539 1708 588 1746 vitiis
598 1709 637 1746 tuis
647 1722 731 1748 commo·
740 1710 766 1745 30

85 1775 146 1806 reare,
157 1768 180 1800 ut
193 1762 259 1814 legum
269 1774 337 1813 poeuas
347 1761 477 1812 pertimescas,
490 1766 512 1799 ut
526 1762 645 1814 temporibus
655 1763 682 1801 rei
696 1776 732 1814 pu-

85 1816 141 1854 blicae
152 1816 215 1861 cedas,
222 1829 261 1853 non
270 1820 300 1853 est
309 1816 454 1867 postulandum.
482 1815 552 1867 Neque
562 1817 611 1854 enim
621 1816 636 1854 is
645 1830 670 1862 es,
680 1817 732 1855 Cati-

84 1870 128 1914 tina,
138 1875 161 1908 ut
168 1876 188 1908 te
198 1874 231 1907 ant
240 1869 305 1921 pudor
314 1882 326 1906 a
335 1870 454 1921 turpitudine
464 1874 497 1907 aut
508 1875 572 1908 metus
583 1883 594 1907 a
603 1871 689 1922 periculo
699 1875 733 1908 aut

85 1924 133 1962 ratio
150 1937 162 1961 1
178 1924 242 1962 furore
256 1923 355 1962 revocarit.
385 1928 416 1962 23.
435 1923 570 1969 Quamobrem,
584 1930 606 1962 ut
622 1938 676 1976 saepe
691 1925 732 1977 jam

85 1977 129 2023 dixi,
140 1978 270 2029 proficiscere:
285 1990 313 2023 aa,
324 1978 340 2016 si
349 1978 395 2016 mihi
404 1978 486 2022 inimico,
496 1984 519 2016 ut
531 1978 633 2029 praedicas,
644 1986 677 2018 tuo
688 1992 732 2017 con·
741 1982 766 2016 35

85 2032 131 2070 flare
144 2033 171 2070 vis
186 2032 282 2077 invidiam,
292 2037 345 2070 recta
360 2045 419 2084 perge
432 2032 451 2069 in
463 2032 561 2070 exsilium:
577 2033 608 2070 vix
622 2034 683 2071 feram
693 2045 732 2070 ser-

84 2099 151 2124 mones
166 2086 270 2130 hominum,
281 2086 297 2123 si
310 2086 330 2124 id
339 2086 418 2131 feceris;
433 2086 464 2124 vix
474 2086 544 2124 molem
558 2087 613 2125 istius
622 2087 706 2131 invidiae,
717 2086 732 2125 si

84 2139 104 2192 in
114 2140 200 2179 exsilium
216 2140 272 2192 jussu
286 2140 369 2178 consulis
383 2140 432 2184 ieris,
443 2140 547 2178 sustinebo.
576 2140 609 2179 Sin
619 2146 684 2179 autem
693 2153 731 2178 ser·

84 2193 124 2232 rire
134 2207 182 2233 meae
199 2194 251 2232 laudi
268 2198 288 2232 et
304 2194 372 2246 gloriae
382 2194 448 2238 maris,
459 2194 552 2246 egredere
563 2207 607 2233 cum
622 2195 733 2245 importuna

84 2248 222 2286 sceleratorum
231 2260 300 2291 manu3
315 2249 381 2286 confer
390 2252 410 2285 te
416 2247 441 2285 ad
451 2247 549 2291 1111111111ς
564 2249 639 2285 concita
646 2248 732 2298 perditos
740 2249 766 2284 40

84 2299 148 2346 civem
163 2313 241 2339 secerne
253 2307 273 2339 te
284 2301 364 2346 abonis,
375 2301 424 2340 infer
434 2301 501 2352 patriae
514 2301 598 2346 bellum;
612 2302 688 2339 exsulta
697 2302 732 2340 im-

84 2354 116 2404 pio
126 2355 231 2399 latrocinio,
241 2360 263 2393 ut
277 2368 289 2392 a
298 2368 329 2393 me
339 2368 377 2393 non
386 2355 459 2406 ejectus
470 2355 495 2392 ad
509 2355 586 2399 alienos,
597 2355 631 2393 sed
641 2356 732 2394 inritatus

84 2408 110 2445 ad
120 2413 164 2446 tuos
174 2409 210 2447 isse
220 2408 307 2448 videaris.
337 2413 368 2447 24.
384 2409 506 2460 Quamquam
516 2408 562 2460 quid
572 2422 609 2461 ego
619 2414 639 2447 te
648 2409 731 2455 invit-em,

84 2472 96 2496 a
106 2474 145 2512 quo
158 2463 200 2513 jam
209 2462 268 2500 sciam
278 2475 320 2501 esse
334 2463 451 2514 praemissos,
462 2463 495 2515 qui
504 2463 538 2501 tibi
547 2463 573 2501 ad
587 2463 660 2501 Forum
669 2465 732 2502 Aure·
