1738 2673
85 89 112 128 80
379 100 450 128 enarro
464 100 494 128 111.

116 189 189 228 vocavi.
218 189 293 229 Deinde
308 189 354 229 item
371 190 473 230 arcessitur
489 190 511 230 L.
522 191 609 230 Statilius
623 194 643 230 et
660 195 704 244 post
720 204 765 231 eum

117 242 158 297 [C]
177 245 282 297 Cethegus.
311 245 426 284 'surdissime
443 251 508 283 auteur
522 246 615 284 Lentulus
632 247 688 290 venit,
707 246 764 284 credo
794 245 796 247 ’

117 300 169 350 quod
182 300 202 337 in
218 299 277 337 tuens
293 300 322 338 his
339 299 407 338 dandis
425 306 495 352 praeter
505 300 662 338 consuetudinem
678 300 765 352 proxima

116 359 174 392 nocte
190 353 306 406 vigilaverat.
343 355 360 392 t.
383 355 447 400 Quum
463 367 508 392 vcro
525 354 604 392 summis
620 360 640 392 et
657 355 764 393 clarissimis

99 408 176 459 5hujus
191 408 272 446 civitatis
282 408 332 453 viris,
347 409 380 460 qui
389 409 456 446 audita
469 420 490 446 re
505 409 614 459 frequentes
624 408 649 446 ad
663 421 695 447 me
708 421 765 447 mane

117 468 251 506 convenerant,
262 463 326 501 literas
342 475 354 500 a
370 475 401 500 me
416 462 468 513 prius
483 462 552 514 aperiri
568 475 626 513 quam
636 462 661 500 ad
676 468 764 500 senatum

116 516 183 555 referri
198 517 288 568 placeret,
301 530 329 562 ne,
340 517 356 554 si
372 516 418 554 nihil
434 522 484 555 esset
500 517 605 560 inventum,
615 521 688 554 temere
705 530 716 554 a
732 530 763 554 mc

116 575 182 609 tantus
192 571 287 609 tumultus
300 572 381 623 injectus
391 571 463 608 civitati
478 571 580 615 rideretur,
590 571 660 623 negavi
674 584 705 608 rne
722 584 763 609 esse

116 625 219 670 facturum,
228 631 250 663 ut
260 625 284 663 de
295 626 379 677 periculo
389 624 466 676 publico
476 637 514 662 non
520 624 545 662 ad
556 624 654 662 consilium
665 625 763 677 publicum

85 682 157 718 10rem
166 680 261 732 integram
271 680 370 718 deferrem.
399 679 479 724 Etenim,
491 678 579 724 Quirites,
591 679 606 716 si
615 691 643 724 ea,
655 692 698 731 quae
709 684 763 718 erant

116 733 141 770 ad
152 746 182 771 me
193 734 262 778 delata,
273 740 349 784 reperta
359 746 397 771 non
407 741 476 778 essent,
487 737 551 770 tamen
561 746 598 785 ego
608 747 646 772 non
656 734 763 771 arbitrabar

115 786 135 824 in
148 788 206 826 tantis
216 787 242 826 rei
253 788 335 839 publicae
345 787 433 839 periculis
448 800 489 825 esse
499 787 545 825 mibi
558 787 635 825 nimiam
645 788 762 839 diligentiam

116 841 294 892 pertimescendam,
317 842 409 880 Senatum
419 842 539 892 frequentem
549 842 640 886 celeriter,
651 848 673 880 ut
683 842 761 887 vidistis,

116 896 176 948 coegi.
205 901 223 935 8.
238 896 305 947 Atque
319 897 391 934 interea
401 896 466 933 statim
476 895 576 934 admonitu
592 896 722 948 Allobrogum
740 896 761 935 C.

83 953 108 988 15
116 949 222 1000 Sulpicium
239 956 348 1001 praetorem,
366 950 436 988 fortem
452 950 519 995 tirum,
535 950 583 994 misi,
599 950 630 1001 qui
648 963 671 988 ex
688 951 762 988 edibus

116 1003 203 1056 Cethegi,
214 1004 230 1042 si
239 1004 285 1056 quid
299 1005 382 1042 telorum
392 1008 448 1048 esset,
459 1004 546 1048 efferret;
564 1017 587 1043 ex
598 1005 667 1055 quibus
681 1004 712 1042 ille
721 1017 762 1042 ma-

114 1057 188 1095 ximum
198 1058 280 1097 sicarum
290 1071 390 1111 numerum
400 1063 420 1096 et
429 1058 538 1110 gladiorum
548 1059 620 1097 extulit.

142 1112 178 1150 IV.
192 1112 293 1151 introduxi
302 1112 425 1150 Volturcium
435 1112 475 1150 sine
486 1112 557 1150 Callis:
573 1112 631 1150 fidem
639 1112 655 1150 ei
665 1112 762 1164 publicam

113 1164 170 1217 jussu
184 1172 262 1205 senatus
277 1166 334 1211 dedi;
351 1167 440 1203 hortatus
450 1179 498 1210 sum,
513 1171 536 1204 ut
546 1179 573 1212 ea,
584 1180 627 1217 quae
644 1168 706 1212 sciret,
722 1167 762 1205 sine

82 1223 169 1258 20metu
183 1220 280 1259 indicaret.
309 1220 358 1258 Tum
371 1219 402 1257 ille
417 1220 469 1264 dixit,
480 1233 540 1270 quum
550 1221 581 1258 xix
591 1233 611 1258 se
621 1234 645 1259 ex
654 1233 724 1273 magno
739 1220 761 1258 ti-

114 1286 168 1311 more
177 1279 288 1320 recreasset,
299 1286 311 1311 a
320 1274 342 1312 P.
353 1274 435 1312 Lentulo
445 1287 466 1312 se
476 1275 548 1312 habere
557 1274 583 1312 ad
597 1275 698 1312 Catilinam
707 1287 761 1312 man-

115 1327 161 1365 data
171 1333 191 1366 et
204 1327 275 1374 literas,
290 1333 313 1365 ut
322 1340 421 1366 servorum
431 1328 520 1379 praesidio
529 1333 615 1367 uteretur
625 1333 644 1365 et
654 1328 679 1366 ad
693 1330 761 1367 urbem

115 1393 173 1432 quam
183 1381 267 1433 primum
276 1395 321 1420 cum
328 1381 412 1419 exercitu
418 1382 529 1420 accederet:
543 1382 563 1419 id
574 1387 638 1420 autem
649 1396 671 1420 eo
678 1382 759 1428 consilio,

114 1439 142 1480 ut,
153 1448 213 1486 quum
223 1436 291 1473 urbem
307 1449 330 1473 ex
345 1434 432 1473 omnibus
447 1435 539 1486 partibus,
550 1436 713 1487 quemadmodum
727 1436 760 1474 de-

81 1488 208 1539 asscriptum
217 1489 379 1540 distributumque
396 1494 443 1533 erat,
452 1489 580 1527 incendissent
597 1490 707 1540 caedemque
720 1490 760 1528 infi-

113 1542 173 1580 nitam
189 1543 258 1581 ciuium
273 1543 368 1587 fecissent,
385 1547 456 1593 praesto
471 1548 522 1581 esset
538 1543 575 1588 ille,
586 1543 618 1594 qui
633 1548 652 1581 et
665 1544 760 1595 fugientes

113 1596 210 1648 exciperet
227 1601 246 1635 et
263 1610 284 1635 se
294 1610 338 1635 cum
347 1596 377 1634 his
391 1597 468 1635 urbanis
484 1596 564 1635 ducibus
582 1598 711 1649 conjungeret.
741 1603 758 1636 9.

112 1649 222 1689 introducti
232 1655 297 1688 autem
305 1650 355 1689 Galli
363 1651 395 1702 jus
400 1650 505 1701 jurandum
512 1651 547 1688 sibi
554 1656 573 1689 et
582 1651 646 1689 literas
653 1664 664 1688 a
671 1650 758 1697 Lentulo,

113 1704 207 1756 Cethego,
218 1704 294 1743 Statilio
301 1705 326 1743 ad
334 1717 388 1742 suam
398 1708 476 1756 gentem
484 1704 538 1741 datas
549 1717 590 1743 esse
598 1705 692 1749 dixerunt,
701 1711 759 1756 atque

80 1761 105 1797 30
112 1758 138 1795 ita
148 1758 183 1796 sibi
194 1759 218 1797 ab
228 1758 284 1797 biset
294 1771 305 1795 a
314 1759 336 1797 L.
346 1758 411 1796 Cassio
420 1771 461 1796 esse
472 1758 611 1810 praescriptum,
619 1764 642 1796 ut
652 1759 759 1811 equitatum

112 1812 131 1849 in
145 1812 221 1849 Italiam
236 1824 294 1863 quam
311 1812 394 1864 primum
410 1811 519 1850 mitterent:
534 1813 634 1864 pedestres
644 1813 679 1851 sibi
693 1813 758 1864 copias

111 1878 150 1903 non
160 1865 271 1911 uelatur-2123
285 1866 390 1904 Lentulum
406 1870 471 1902 auteur
487 1866 523 1904 sibi
540 1866 662 1904 confirmasse
676 1879 700 1904 ex
713 1867 758 1904 fatis

113 1918 210 1969 Sibyllinis
227 1919 389 1970 haruspicumque
405 1918 500 1968 responsis
518 1932 559 1957 esse
575 1931 595 1956 se
610 1919 688 1957 tertiiun
704 1920 758 1957 illum

113 1972 229 2016 Cornehum,
240 1972 265 2009 ad
282 1985 340 2022 quem
356 1984 438 2024 regnum
454 1972 512 2023 hujus
521 1972 574 2010 urbis
584 1977 642 2023 atque
656 1973 758 2023 imperium

79 2031 105 2066 35
112 2026 212 2077 peruenire
222 2030 273 2063 esset
283 2038 372 2070 necesse3
388 2025 467 2062 Cinnam
477 2032 521 2063 ante
531 2038 552 2063 se
562 2031 581 2063 et
597 2025 670 2063 Sullam
687 2026 746 2064 fuisse
752 2040 757 2072 ;

113 2079 234 2129 eundemque
244 2079 314 2117 dixisse
330 2078 408 2117 fatalem
422 2078 473 2116 hunc
483 2092 525 2116 esse
539 2091 610 2116 annum
620 2079 645 2117 ad
661 2080 758 2119 interitum

112 2133 170 2185 hujus
186 2132 238 2171 urbis
254 2138 312 2184 atque
326 2132 406 2184 imperii,
417 2131 449 2184 qui
466 2137 517 2171 esset
533 2131 619 2171 decimus
636 2146 696 2171 annus
713 2139 758 2185 post

111 2187 215 2239 Virginnm
225 2186 370 2231 absolutionem,
385 2191 430 2237 post
447 2185 535 2237 Capitolii
552 2190 617 2223 autern
630 2186 758 2226 incensionem

111 2241 217 2279 vicesimus.
248 2245 278 2279 10.
293 2240 349 2277 Hanc
359 2245 425 2278 autem
442 2239 529 2292 Cethego
539 2252 583 2277 eum
600 2241 666 2278 ceteris
682 2247 757 2279 contro-

79 2299 105 2334 40
111 2295 193 2334 versiam
203 2295 262 2333 fuisse
272 2294 367 2339 dixerunt,
376 2294 428 2346 quod
438 2293 520 2331 Lentulo
530 2297 549 2331 et
557 2293 597 2331 aliis
607 2294 680 2332 caedem
690 2294 757 2333 Satur-

111 2349 186 2387 nalibus
196 2350 236 2387 fieri
246 2354 304 2400 atque
314 2348 383 2386 urbem
394 2348 470 2386 incendi
479 2347 570 2399 placeret,
582 2347 669 2399 Cethego
679 2348 758 2388 nimium

110 2403 131 2441 id
140 2403 220 2455 longum
229 2402 331 2440 rideretur.

138 2457 163 2495 V.
178 2457 215 2502 Ac,
222 2469 246 2494 ne
256 2457 336 2508 longum
345 2455 376 2501 sit,
385 2455 474 2501 Quirites,
480 2455 562 2494 tabellas
571 2455 652 2507 pruteni
659 2455 757 2507 jussimus,

110 2523 155 2564 quae
169 2523 267 2562 aquaque
276 2510 389 2549 dicebantur
403 2509 460 2548 datae.
488 2508 575 2547 Primum
584 2509 703 2548 ostendimus
720 2510 756 2549 Ce-
