1738 2673
151 54 177 89 98
474 58 546 85 enarro

183 146 221 185 1166
237 147 266 185 uti
282 160 353 199 genere
370 147 452 192 dicendi,
467 147 520 198 quod
537 159 575 184 non
590 146 649 185 modo
666 159 677 184 a
694 145 832 186 consuetudine

182 200 303 252 judiciorum,
323 214 391 238 verum
410 201 467 238 etiam
487 214 498 238 a
516 200 587 238 forensi
605 213 693 238 sermone
716 202 830 239 abhorreat:

183 267 252 306 quaeso
269 268 280 292 a
291 254 350 299 robis,
365 259 388 292 ut
403 255 422 292 in
439 254 475 292 hac
490 267 548 292 causa
562 254 609 291 mihi
625 253 674 291 dctis
689 254 738 292 hanc
748 253 830 298 veniam,

184 308 351 347 accommodatam
364 308 409 346 111116
419 320 458 352 reo,
468 307 528 351 vobis,
540 307 704 358 quemadmodum
718 320 781 359 spero
792 319 830 344 non

164 357 298 406 amolcstam'
310 366 333 399 ut
349 374 380 399 me
399 374 434 412 pro
453 373 529 398 summo
548 365 606 411 pocta
624 365 683 411 atque
702 360 830 398 eruditissimo
857 406 861 418 1

183 416 259 453 homine
270 415 366 453 dicentem
380 415 417 452 hoc
428 428 523 452 concursu
536 414 636 452 hominum
650 415 829 459 literatissimorum,

183 469 219 506 hac
239 475 304 506 vestra
323 468 448 512 humanitate,
468 468 505 505 hoc
524 467 606 518 denique
626 473 710 518 pretore
729 472 830 506 exercente

181 522 281 572 judicium,
300 521 398 572 patiamini
414 521 438 559 de
458 521 526 559 studiis
546 521 670 559 humanitatis
690 534 712 560 ac
731 521 829 559 literarum

183 576 241 625 paulo
256 576 308 626 loqui
321 576 399 613 liberius
410 579 429 612 et
443 575 462 612 111
479 574 575 626 ejusmodi
589 587 676 625 persona,
690 588 734 626 quae
750 580 830 626 propter

150 634 174 668 10
183 629 243 667 otium
253 642 275 667 ac
289 629 375 666 studium
385 628 462 666 minime
476 628 496 665 in
510 628 586 680 judiciis
603 628 732 679 periculisque
746 632 830 666 tractata

183 688 218 727 esty
229 683 258 721 1111
268 696 329 734 prope
339 695 388 720 noro
399 682 483 734 quodam
493 687 513 720 61
522 682 613 720 inusitato
622 694 693 733 genere
703 680 784 720 1116611111,
810 686 827 720 4.

185 736 242 782 Quod
256 737 272 774 si
288 737 356 774 miliia
366 737 420 774 vobis
434 736 492 773 tribui
507 736 623 785 concedique
634 736 720 781 sentiam,
731 735 828 786 perficiam

183 790 276 841 profecto,
285 794 307 828 ut
316 790 368 828 hunc
378 789 403 828 A.
414 789 507 827 Licinium
517 802 555 827 non
564 788 623 826 modo
632 801 670 827 non
678 789 828 841 segregandum,

183 857 242 894 quum
253 844 277 881 sit
287 844 337 888 ciris,
348 856 360 880 a
369 856 449 881 munero
459 843 533 888 civium,
544 855 612 880 rerum
622 842 685 887 etiam,
696 844 712 880 si
723 856 761 880 non
771 848 827 888 esset,

150 904 174 937 15
182 898 255 947 putetis
265 897 417 935 adsciscendum.

209 951 247 988 111.
262 950 314 988 Nam
323 955 346 988 ut
355 950 439 1001 primum
449 949 544 1001 expueris
554 950 635 987 excessit
644 949 727 987 Archias
735 954 793 1001 atque
803 951 828 990 ab

182 1003 203 1041 iis
213 1004 292 1048 artibus,
303 1004 373 1054 quibus
383 1008 432 1041 aetas
446 1003 524 1054 puerilis
538 1002 563 1040 ad
577 1004 717 1041 humanitatem
731 1003 829 1042 informari

182 1058 237 1101 solct,
253 1070 273 1094 se
283 1057 308 1095 ad
318 1056 413 1095 scribendi
423 1056 508 1094 studium
523 1057 608 1101 contulit,
624 1057 707 1107 primum
717 1057 827 1096 Antiochiae

183 1109 236 1162 (uam
246 1111 273 1149 ibi
282 1115 339 1148 natus
349 1116 379 1148 est
388 1111 430 1149 loco
439 1109 512 1161 nobili),
522 1110 591 1148 celebri
601 1111 699 1161 quondam
708 1112 757 1149 urbe
767 1116 786 1148 61
796 1123 827 1148 co-

149 1171 174 1204 20
182 1165 237 1215 piosa
246 1169 304 1215 atque
314 1164 446 1202 eruditissimis
455 1163 563 1201 hominibus
572 1164 746 1214 liberalissimisque
759 1164 828 1203 studiis

182 1217 272 1262 affluenti,
281 1218 367 1256 celeriter
376 1217 490 1255 antecellere
497 1217 585 1255 omnibus
592 1217 663 1268 ingenii
671 1217 733 1269 gloria
741 1218 826 1269 contigit.

181 1271 230 1309 Post
237 1272 256 1309 in
266 1272 333 1309 ceteris
340 1271 394 1309 Asiae
405 1271 492 1323 partibus
502 1276 609 1322 cunctaque
618 1271 694 1309 Graecia
704 1271 731 1308 sic
741 1271 782 1322 ejus
793 1271 826 1309 ad-

182 1329 251 1363 rentus
262 1325 414 1369 celebrabantur,
424 1329 447 1362 ut
454 1325 526 1362 famam
533 1324 603 1375 ingenii
611 1325 730 1376 exspectatio
740 1325 826 1371 hominis,

182 1379 345 1429 exspectationem
355 1378 414 1430 ipsius
424 1378 519 1415 adventus
528 1377 667 1429 admiratioque
677 1383 783 1429 superaret.
808 1385 825 1418 5.

149 1438 173 1473 25
181 1431 229 1469 Erat
241 1432 297 1470 Italia
306 1435 352 1470 tunc
367 1432 424 1483 plena
435 1431 548 1470 Graecarum
562 1431 632 1470 artium
646 1445 668 1470 ac
683 1431 826 1483 disciplinarum

182 1485 284 1537 studiaque
293 1486 337 1524 haec
345 1486 391 1524 etin
398 1485 453 1523 Latio
460 1485 641 1523 vehementiustum
649 1486 761 1524 colebantur
768 1500 826 1538 quam

181 1552 232 1577 nunc
241 1538 309 1577 iisdem
319 1540 338 1577 in
346 1538 428 1591 oppidis,
437 1543 456 1576 61
463 1539 494 1577 hic
501 1539 570 1577 Romae
581 1544 661 1591 propter·
668 1540 826 1590 tranquillitatem

180 1593 208 1631 rei
222 1592 305 1644 publicae
315 1606 354 1631 non
363 1593 518 1645 negligebantur.
547 1592 616 1644 Itaque
630 1593 682 1631 1111116
696 1598 716 1632 61
730 1593 826 1633 Tarentini

181 1652 201 1684 61
210 1646 294 1698 Rhegini
304 1652 323 1685 et
332 1647 455 1698 Neapolitani
465 1646 541 1684 ciritate
551 1647 657 1698 ceterisque
672 1647 756 1698 praemiis
766 1647 825 1686 dona-

147 1704 236 1744 30runt3
251 1705 271 1738 61
281 1713 353 1745 omnes,
364 1700 397 1752 qui
410 1699 482 1752 aliquid
497 1700 521 1738 de
535 1700 615 1752 ingeniis
629 1706 719 1751 poterant
731 1701 824 1753 judicare,

181 1754 290 1806 cognitione
299 1759 358 1806 atque
368 1754 451 1806 hospitio
461 1754 542 1806 dignum
552 1754 689 1792 existimarunt.
718 1754 761 1793 Hac
771 1760 826 1794 tanta

182 1808 292 1845 celebritate
301 1809 359 1846 famae
370 1821 430 1859 quum
440 1814 491 1845 esset
499 1809 540 1859 jam
549 1808 661 1846 absentibus
668 1813 731 1852 notus,
742 1809 826 1848 Romam

180 1861 232 1899 venit
242 1861 303 1900 Mario
313 1862 391 1900 consule
401 1866 421 1899 et
431 1860 507 1900 Catulo.
535 1861 611 1900 Nactus
624 1865 654 1900 est
663 1861 747 1913 primum
757 1875 825 1901 consu-

180 1914 208 1952 les
225 1927 264 1959 ccs,
279 1927 362 1966 quorum
376 1915 425 1952 alter
441 1927 472 1952 res
486 1914 511 1952 ad
527 1915 650 1953 scribendum
666 1916 766 1961 maximas,
777 1916 826 1955 alter

148 1973 172 2007 35
181 1980 242 2018 quum
251 1980 282 2006 res
296 1972 367 2019 gestas,
377 1972 420 2005 tum
430 1968 488 2005 etiam
497 1968 583 2006 studium
593 1972 651 2019 atque
663 1982 718 2007 aures
733 1970 825 2008 adhibere

180 2025 252 2072 posset.
290 2021 361 2059 Statim
379 2021 460 2066 Luculli,
480 2034 540 2072 quum
559 2026 687 2072 praetextatus
706 2022 763 2061 etiam
781 2028 825 2062 111111

179 2074 264 2112 Archias
274 2079 331 2119 esset,
341 2087 386 2112 cum
396 2074 475 2112 domum
485 2087 540 2112 suam
549 2074 686 2126 receperunt.†
715 2076 754 2115 Sed
766 2078 824 2115 etiam

179 2128 217 2167 hoc
230 2141 269 2167 non
283 2128 346 2167 solum
362 2127 433 2180 ingenii
442 2141 464 2166 ac
480 2127 584 2174 literarum,
595 2142 662 2167 verum
677 2130 734 2168 etiam
748 2135 823 2169 naturae

179 2187 238 2233 atque
252 2182 333 2227 virtutis,
348 2187 371 2220 ut
387 2182 462 2226 domus,
477 2195 521 2233 quae
539 2183 597 2235 hujus
611 2182 746 2223 adolescentiae
762 2185 824 2235 prima

146 2241 172 2277 40
179 2236 248 2287 patuit,
259 2236 328 2274 eadem
337 2239 389 2274 esset
402 2235 548 2273 familiarissima
557 2236 656 2275 senectuti.
686 2240 703 2275 6.
718 2237 823 2275 Erattem-

179 2289 258 2340 poribus
275 2289 312 2327 illis
326 2288 426 2341 jucundus
442 2289 521 2326 Metello
537 2289 564 2327 illi
580 2289 683 2328 Numidico
693 2295 713 2328 et
729 2291 771 2342 ejus
788 2291 823 2329 Pio

178 2342 228 2387 filio;
243 2342 378 2381 audiebatura
391 2342 418 2380 M.
429 2342 520 2387 AEmilio;
535 2343 612 2382 urebat
626 2357 670 2381 cum
685 2343 789 2390 1111611116
803 2349 823 2382 et

177 2401 234 2447 patre
251 2400 271 2435 et
287 2397 337 2441 filio5
358 2409 370 2434 a
386 2396 408 2434 L.
424 2396 494 2434 Crasso
511 2397 621 2443 colebatur3
636 2397 727 2436 Lucullos
743 2410 789 2436 vero
803 2402 823 2435 et

178 2449 265 2493 Drusum
279 2455 299 2489 et
316 2450 406 2489 Octavios
421 2453 441 2488 et
455 2449 549 2488 Catonem
563 2455 583 2489 et
599 2455 661 2493 totam
675 2451 823 2490 Hortensiorum
