1738 2673
128 59 155 97 42
425 69 498 96 onnmo
512 69 538 96 rr.

162 157 253 196 obtinebo
270 170 312 196 eam
329 157 391 196 multo
405 158 495 197 leniorem
510 157 573 197 fuisse.
603 158 730 211 Quamquam,
740 158 809 197 Patres

162 211 270 262 conscripti,
290 224 334 262 qum
353 218 417 262 potest
436 224 478 249 esse
497 212 515 249 in
534 212 582 249 tanti
601 213 677 251 sceleris
691 212 809 250 immanitate

161 265 259 315 punienda
278 265 396 303 crudelitas?
430 265 472 316 Ego
492 266 541 302 enirn
561 266 585 303 de
604 278 647 303 meo
663 279 720 304 sensu
736 265 807 316 judico

161 319 212 358 Nam
227 319 254 356 ita
264 318 310 357 mihi
320 318 372 356 salva
389 331 409 356 re
426 317 503 370 publica
512 318 611 358 vobiscum
628 320 700 370 perfrui
714 319 775 363 liceat,
786 323 809 356 ut

141 377 203 425 5eg0,
215 372 267 424 quod
284 373 303 411 in
320 373 356 410 hac
371 385 428 410 eausa
442 372 572 410 uehementior
587 386 636 417 sum,
654 386 692 411 non
708 373 809 411 atrocitate

160 427 218 464 animi
234 439 318 470 moneor,
337 424 387 478 (quis
403 426 452 463 eninr
469 432 498 463 est
515 439 545 464 me
562 425 649 478 mitiori)
667 426 701 465 sed
717 427 808 479 singulari

160 480 244 531 quadam
261 481 381 518 humanitate
397 485 417 517 et
433 480 567 518 misericordia.
605 480 678 519 Videor
695 481 745 519 enim
762 480 808 519 milri

160 534 225 572 videre
244 535 293 572 hanc
313 535 386 578 urbem,
406 534 468 571 lucem
488 534 538 572 orbis
553 539 647 572 terrarum
666 539 724 585 atque
743 547 808 572 areem

160 588 245 625 omnium
258 588 351 639 gentium,
362 587 426 624 subito
441 600 479 624 uno
493 587 580 625 incendio
591 588 735 633 concidentem
750 600 807 626 cerno

127 643 152 678 10
159 641 222 678 animo
233 642 329 692 sepultum
344 640 432 691 patriam,
443 641 521 678 miseros
531 647 589 692 atque
606 640 711 692 insepultos
728 654 807 679 acervos

160 695 239 738 oirium;
260 702 347 732 versatur
363 694 409 731 mihi
426 700 471 732 ante
486 694 551 732 oeulos
567 695 671 746 adspectus
689 694 771 747 Cethegi
787 698 807 732 et

159 748 213 786 furor
227 749 246 786 in
262 755 326 786 restra
342 749 396 787 caede
413 749 529 786 bacchantis.
569 754 599 787 12.
620 749 685 794 Quum
700 761 745 786 uero
760 748 807 786 mihi

159 803 251 854 proposui
265 808 377 854 regnantem
393 801 500 846 Lentulum,
512 802 561 840 sicut
575 802 616 853 ipse
631 816 651 840 se
661 816 685 840 ex
701 803 746 840 fatis
763 815 806 854 spe-

159 869 211 895 rasse
222 856 320 895 confessus
334 861 369 900 est,
380 860 508 908 purpuratum
518 869 559 894 esse
576 856 620 897 huic
637 856 746 901 Gabinium,
762 870 807 895 cum

126 911 245 948 15ercreitu
260 911 333 949 venisse
354 910 459 954 Catilinam,
479 915 521 948 tnnr
540 910 696 949 lamentationem
714 915 806 948 matrum-

158 964 245 1008 familias,
252 971 294 1002 tnm
303 965 370 1016 fugam
376 963 470 1015 uirginum
477 970 535 1015 atque
545 976 648 1015 puerorum
658 964 806 1003 uenerationem

158 1018 253 1070 virginum
263 1018 371 1055 Vestalium
384 1017 520 1070 perhorresco:
535 1024 560 1061 et,
570 1019 615 1068 quia
626 1018 673 1056 milri
682 1018 806 1057 uehementer

158 1071 200 1110 hare
211 1072 299 1111 ridentur
309 1072 378 1109 misera
387 1078 446 1122 atque
455 1072 569 1117 miseranda,
580 1072 651 1110 ideirco
662 1072 681 1109 in
691 1085 730 1117 eos,
740 1073 773 1123 qui
783 1085 806 1110 ea

158 1127 250 1177 perficere
260 1126 366 1170 voluerunt,
377 1139 408 1164 me
421 1139 509 1163 seuerum
520 1126 692 1176 vehementemque
706 1127 804 1176 praebebo.

125 1182 150 1216 20
158 1180 234 1217 Etenim
251 1192 322 1232 quaero,
339 1180 354 1216 si
372 1180 413 1230 quis
431 1179 568 1230 paterfamilias
584 1180 647 1217 liberis
667 1180 706 1218 suis
721 1193 733 1217 a
749 1192 805 1218 seruo

157 1233 267 1278 interfectis,
279 1247 337 1271 uxore
347 1234 415 1278 occisa,
425 1234 501 1271 incensa
515 1234 573 1272 domo
583 1233 698 1285 supplicium
711 1234 805 1272 deservis

157 1300 215 1338 quam
225 1287 369 1326 acerbissimum
379 1287 487 1338 sumpserit,
498 1293 563 1325 utrum
580 1287 595 1325 is
610 1289 693 1326 clemens
708 1300 731 1325 ac
747 1288 804 1325 mise-

156 1342 221 1386 ricors,
232 1355 256 1379 an
270 1342 437 1379 inhumanissimus
452 1347 472 1379 et
488 1341 630 1380 crudelissimus
645 1354 687 1380 esse
701 1341 803 1380 videatur?

157 1395 204 1433 Mihi
213 1409 258 1433 vero
268 1396 389 1447 importunus
399 1407 421 1433 nc
430 1395 509 1439 ferreus,
520 1394 600 1446 quinon
610 1395 676 1434 dolore
686 1408 708 1434 ao
718 1396 804 1434 cruciatu

123 1451 148 1486 25
156 1450 242 1487 nocentis
252 1463 308 1487 snum
319 1449 405 1486 dolorem
419 1449 563 1500 cruciatumque
578 1449 657 1487 lenierit.
686 1449 718 1487 Sic
735 1462 769 1488 nos
784 1449 803 1487 in

156 1503 186 1541 his
201 1503 314 1547 hominibus,
330 1503 362 1554 qui
378 1516 418 1547 nos,
429 1502 462 1554 qui
479 1504 576 1555 conjuges,
595 1503 627 1554 qni
642 1503 711 1541 liberos
727 1509 803 1542 nostros

156 1557 253 1595 trucidare
267 1557 373 1600 voluerunt,
389 1556 422 1607 qni
438 1556 522 1608 singulas
536 1557 592 1594 unius
608 1557 701 1608 enjusque
716 1563 803 1596 nostrum

156 1611 224 1649 domos
243 1617 262 1649 et
279 1612 315 1649 hoc
335 1611 442 1648 universum
460 1610 487 1648 rei
501 1610 585 1662 publicae
602 1610 719 1649 domicilium
739 1612 803 1650 delore

156 1666 220 1704 eonati
239 1672 289 1710 sunt,
309 1666 341 1715 qui
360 1665 379 1702 id
399 1669 485 1716 egerunt,
506 1670 527 1701 ut
544 1670 622 1716 gentem
637 1665 767 1717 Allobrogum
783 1665 803 1703 in

122 1722 148 1757 30
155 1720 240 1771 uestigiis
250 1720 308 1771 hujus
318 1719 370 1757 urbis
380 1724 438 1769 atque
451 1718 471 1756 in
481 1719 542 1757 cinere
552 1718 652 1770 deflagrat-i
661 1719 734 1770 imperii
744 1720 801 1757 collo-

156 1783 226 1818 carent,
235 1774 250 1811 si
256 1773 419 1811 vehementissimi
427 1773 527 1816 fuerimus,
536 1772 667 1811 misericordes
677 1773 801 1818 habebimur;

155 1827 184 1865 sin
193 1828 310 1865 remissiores
325 1839 368 1865 esse
381 1826 504 1871 voluerimus,
515 1839 595 1865 summae
613 1826 667 1865 nobis
685 1827 802 1866 crudelitatis

155 1881 174 1918 in
184 1883 252 1932 patriae
262 1881 369 1932 cixinmque
383 1880 466 1932 pernicie
481 1881 532 1917 fama
541 1881 642 1918 subeunda
649 1886 684 1919 est.
715 1885 745 1919 13.
760 1881 802 1920 Nisi

134 1967 137 1970 ,
155 1948 201 1973 uero
212 1935 294 1987 cuipiam
308 1935 329 1973 L.
342 1935 412 1979 Oaesar,
423 1934 451 1971 m'r
464 1934 578 1972 fortissimus
588 1939 607 1973 et
624 1934 764 1973 amantissimus
774 1936 802 1974 rei

122 1992 147 2028 35
155 1990 245 2041 publicae,
263 1989 358 2027 crudelior
377 1988 515 2026 nudiustertius
530 1989 582 2026 uisus
601 1994 636 2033 est,
654 2002 713 2039 quum
732 1990 801 2028 sororis

155 2057 203 2089 snae,
219 2044 296 2082 feminae
314 2043 426 2086 lectissimae,
444 2042 506 2080 virum
525 2047 639 2094 praesentem
655 2047 674 2081 et
692 2043 802 2082 audientem

154 2099 195 2136 vita
204 2098 318 2150 privandum
333 2110 374 2135 esse
384 2096 436 2141 dixit,
447 2109 506 2147 quum
517 2109 573 2134 avum
586 2097 642 2149 jussu
652 2097 734 2135 consulis
743 2097 800 2136 inter-

154 2152 227 2191 fectum
237 2151 334 2203 filiumque
345 2151 386 2203 ejus
396 2150 520 2201 impuberem,
531 2151 617 2203 legatum
627 2163 638 2188 a
651 2157 706 2203 patre
715 2151 800 2197 missum,

154 2206 259 2245 incarcere
269 2211 358 2243 necatum
367 2218 408 2243 esse
418 2205 470 2242 dixit.
486 2205 572 2249 Quorum
583 2204 635 2256 quod
645 2205 800 2244 similefactnm‘l

121 2260 207 2312 toquod
223 2260 291 2298 initum
306 2259 393 2298 delendae
410 2259 437 2297 rei
452 2258 536 2310 pnblicae
546 2259 658 2297 consilium?
686 2259 800 2312 Largitionis

154 2315 243 2353 noluntas
253 2319 295 2352 tum
309 2314 328 2352 in
338 2327 358 2351 re
368 2313 446 2364 publica
455 2319 531 2350 uersata
545 2318 575 2351 est
588 2320 608 2351 et
617 2313 701 2365 partium
710 2313 800 2364 quaedam

154 2368 256 2407 contentio
285 2369 352 2418 Atque
362 2368 394 2405 illo
406 2374 493 2418 tempore
503 2367 561 2418 hujus
571 2379 618 2405 avus
628 2367 709 2411 Lentuli,
720 2366 799 2406 clarissi-

153 2435 197 2461 mus
212 2422 246 2467 vir,
262 2428 347 2460 armatus
367 2421 478 2460 Gracchum
495 2426 524 2459 est
543 2425 667 2472 persecutus:
691 2420 723 2459 ille
742 2421 800 2460 etiam

153 2488 213 2529 grave
229 2481 272 2515 tum
280 2477 350 2515 varinus
366 2474 446 2528 accepit,
456 2486 481 2514 ne
495 2474 541 2526 quid
558 2475 582 2514 de
596 2487 672 2514 summa
685 2487 706 2514 re
722 2475 801 2529 pubhca
