<?xml version="1.0" encoding="UTF-8"?>
<!DOCTYPE html PUBLIC "-//W3C//DTD XHTML 1.0 Transitional//EN"
    "http://www.w3.org/TR/xhtml1/DTD/xhtml1-transitional.dtd">
<html xmlns="http://www.w3.org/1999/xhtml" xml:lang="en" lang="en">
 <head>
  <title>
</title>
<meta http-equiv="Content-Type" content="text/html;charset=utf-8" />
  <meta name='ocr-system' content='tesseract 3.04.00' />
  <meta name='ocr-capabilities' content='ocr_page ocr_carea ocr_par ocr_line ocrx_word'/>
</head>
<body>
  <div class='ocr_page' id='page_1' title='image "MN40048ucmf_0_0142.png"; bbox 0 0 1738 2673; ppageno 0'>
   <div class='ocr_carea' id='block_1_1' title="bbox 123 122 519 159">
    <p class='ocr_par' dir='ltr' id='par_1_1' title="bbox 123 122 519 159">
     <span class='ocr_line' id='line_1_1' title="bbox 123 122 519 159; baseline 0.003 -1"><span class='ocrx_word' id='word_1_1' title='bbox 123 122 164 158; x_wconf 76' lang='grc'>124</span> <span class='ocrx_word' id='word_1_2' title='bbox 446 132 519 159; x_wconf 75' lang='grc'><strong>1111111</strong></span> 
     </span>
    </p>
   </div>
   <div class='ocr_carea' id='block_1_2' title="bbox 118 221 855 2574">
    <p class='ocr_par' dir='ltr' id='par_1_2' title="bbox 118 221 802 1882">
     <span class='ocr_line' id='line_1_2' title="bbox 157 221 802 273; baseline 0.002 -14"><span class='ocrx_word' id='word_1_3' title='bbox 157 222 230 273; x_wconf 90' lang='lat' dir='ltr'>populo</span> <span class='ocrx_word' id='word_1_4' title='bbox 247 222 315 266; x_wconf 85' lang='lat' dir='ltr'>sohun,</span> <span class='ocrx_word' id='word_1_5' title='bbox 329 222 363 259; x_wconf 89' lang='lat' dir='ltr'>sed</span> <span class='ocrx_word' id='word_1_6' title='bbox 378 222 435 260; x_wconf 86' lang='lat' dir='ltr'>etiam</span> <span class='ocrx_word' id='word_1_7' title='bbox 449 222 523 259; x_wconf 88' lang='lat' dir='ltr'>senatui</span> <span class='ocrx_word' id='word_1_8' title='bbox 539 221 639 266; x_wconf 76' lang='lat' dir='ltr'>commisit,</span> <span class='ocrx_word' id='word_1_9' title='bbox 649 234 711 272; x_wconf 89' lang='lat' dir='ltr'>neque</span> <span class='ocrx_word' id='word_1_10' title='bbox 728 221 802 260; x_wconf 85' lang='lat' dir='ltr'>senatui</span> 
     </span>
     <span class='ocr_line' id='line_1_3' title="bbox 156 275 801 327; baseline 0 -14"><span class='ocrx_word' id='word_1_11' title='bbox 156 275 220 321; x_wconf 90' lang='lat' dir='ltr'>modo,</span> <span class='ocrx_word' id='word_1_12' title='bbox 238 276 273 314; x_wconf 86' lang='lat' dir='ltr'>scd</span> <span class='ocrx_word' id='word_1_13' title='bbox 292 276 348 313; x_wconf 87' lang='lat' dir='ltr'>etiam</span> <span class='ocrx_word' id='word_1_14' title='bbox 368 275 448 327; x_wconf 88' lang='lat' dir='ltr'>publicis</span> <span class='ocrx_word' id='word_1_15' title='bbox 465 275 557 326; x_wconf 66' lang='lat' dir='ltr'>presidiis</span> <span class='ocrx_word' id='word_1_16' title='bbox 574 281 593 313; x_wconf 93' lang='lat' dir='ltr'>et</span> <span class='ocrx_word' id='word_1_17' title='bbox 613 276 675 320; x_wconf 87' lang='lat' dir='ltr'>armis,</span> <span class='ocrx_word' id='word_1_18' title='bbox 691 288 752 326; x_wconf 89' lang='lat' dir='ltr'>neque</span> <span class='ocrx_word' id='word_1_19' title='bbox 771 276 801 314; x_wconf 88' lang='lat' dir='ltr'>his</span> 
     </span>
     <span class='ocr_line' id='line_1_4' title="bbox 156 330 801 380; baseline 0 -14"><span class='ocrx_word' id='word_1_20' title='bbox 156 335 238 375; x_wconf 84' lang='lat' dir='ltr'>tantum,</span> <span class='ocrx_word' id='word_1_21' title='bbox 249 343 316 368; x_wconf 87' lang='lat' dir='ltr'>rerum</span> <span class='ocrx_word' id='word_1_22' title='bbox 327 330 383 367; x_wconf 84' lang='lat' dir='ltr'>etiam</span> <span class='ocrx_word' id='word_1_23' title='bbox 394 330 435 379; x_wconf 85' lang='lat' dir='ltr'>ejus</span> <span class='ocrx_word' id='word_1_24' title='bbox 449 330 546 380; x_wconf 82' lang='lat' dir='ltr'>potestati,</span> <span class='ocrx_word' id='word_1_25' title='bbox 557 330 587 367; x_wconf 87' lang='lat' dir='ltr'>cui</span> <span class='ocrx_word' id='word_1_26' title='bbox 597 335 673 367; x_wconf 89' lang='lat' dir='ltr'>senatus</span> <span class='ocrx_word' id='word_1_27' title='bbox 690 335 750 367; x_wconf 88' lang='lat' dir='ltr'>totam</span> <span class='ocrx_word' id='word_1_28' title='bbox 760 342 801 366; x_wconf 91' lang='lat' dir='ltr'>rem</span> 
     </span>
     <span class='ocr_line' id='line_1_5' title="bbox 157 383 801 435; baseline 0.002 -15"><span class='ocrx_word' id='word_1_29' title='bbox 157 384 260 434; x_wconf 85' lang='lat' dir='ltr'>publicam,</span> <span class='ocrx_word' id='word_1_30' title='bbox 280 397 356 421; x_wconf 89' lang='lat' dir='ltr'>ornnem</span> <span class='ocrx_word' id='word_1_31' title='bbox 373 383 433 421; x_wconf 70' lang='lat' dir='ltr'>ltaliae</span> <span class='ocrx_word' id='word_1_32' title='bbox 452 383 529 434; x_wconf 84' lang='lat' dir='ltr'>pubem,</span> <span class='ocrx_word' id='word_1_33' title='bbox 547 389 616 421; x_wconf 86' lang='lat' dir='ltr'>cuncta</span> <span class='ocrx_word' id='word_1_34' title='bbox 634 383 700 435; x_wconf 89' lang='lat' dir='ltr'>populi</span> <span class='ocrx_word' id='word_1_35' title='bbox 718 383 801 421; x_wconf 86' lang='lat' dir='ltr'>Romani</span> 
     </span>
     <span class='ocr_line' id='line_1_6' title="bbox 135 437 800 488; baseline 0 -14"><span class='ocrx_word' id='word_1_36' title='bbox 135 445 146 479; x_wconf 90' lang='lat'><strong><em>5</em></strong></span> <span class='ocrx_word' id='word_1_37' title='bbox 156 450 209 474; x_wconf 85' lang='lat' dir='ltr'>arma</span> <span class='ocrx_word' id='word_1_38' title='bbox 219 437 345 481; x_wconf 81' lang='lat' dir='ltr'>commiserat,</span> <span class='ocrx_word' id='word_1_39' title='bbox 356 437 386 474; x_wconf 91' lang='lat' dir='ltr'>cui</span> <span class='ocrx_word' id='word_1_40' title='bbox 400 449 497 487; x_wconf 88' lang='lat' dir='ltr'>nnrrqnnm</span> <span class='ocrx_word' id='word_1_41' title='bbox 507 449 528 474; x_wconf 89' lang='lat' dir='ltr'>se</span> <span class='ocrx_word' id='word_1_42' title='bbox 542 437 573 475; x_wconf 89' lang='lat' dir='ltr'>hic</span> <span class='ocrx_word' id='word_1_43' title='bbox 588 438 674 488; x_wconf 81' lang='lat' dir='ltr'>prolecto</span> <span class='ocrx_word' id='word_1_44' title='bbox 684 437 800 482; x_wconf 71' lang='lat' dir='ltr'>tradidisset,</span> 
     </span>
     <span class='ocr_line' id='line_1_7' title="bbox 156 490 801 542; baseline 0 -14"><span class='ocrx_word' id='word_1_45' title='bbox 156 491 191 528; x_wconf 89' lang='lat' dir='ltr'>nisi</span> <span class='ocrx_word' id='word_1_46' title='bbox 201 504 264 529; x_wconf 72' lang='lat' dir='ltr'>cansa</span> <span class='ocrx_word' id='word_1_47' title='bbox 275 504 316 528; x_wconf 87' lang='lat' dir='ltr'>suae</span> <span class='ocrx_word' id='word_1_48' title='bbox 326 490 435 533; x_wconf 83' lang='lat' dir='ltr'>confideret,</span> <span class='ocrx_word' id='word_1_49' title='bbox 442 490 549 541; x_wconf 82' lang='lat' dir='ltr'>praesertim</span> <span class='ocrx_word' id='word_1_50' title='bbox 559 491 621 528; x_wconf 89' lang='lat' dir='ltr'>omnia</span> <span class='ocrx_word' id='word_1_51' title='bbox 630 490 720 535; x_wconf 88' lang='lat' dir='ltr'>audienti,</span> <span class='ocrx_word' id='word_1_52' title='bbox 730 504 801 542; x_wconf 79' lang='lat' dir='ltr'>magna</span> 
     </span>
     <span class='ocr_line' id='line_1_8' title="bbox 155 543 800 597; baseline 0.002 -15"><span class='ocrx_word' id='word_1_53' title='bbox 155 545 253 588; x_wconf 90' lang='lat' dir='ltr'>metuenti,</span> <span class='ocrx_word' id='word_1_54' title='bbox 264 545 325 582; x_wconf 86' lang='lat' dir='ltr'>multa</span> <span class='ocrx_word' id='word_1_55' title='bbox 338 544 448 595; x_wconf 81' lang='lat' dir='ltr'>suspicanti,</span> <span class='ocrx_word' id='word_1_56' title='bbox 464 543 554 582; x_wconf 88' lang='lat' dir='ltr'>nonnulla</span> <span class='ocrx_word' id='word_1_57' title='bbox 568 544 657 583; x_wconf 90' lang='lat' dir='ltr'>credenti.</span> <span class='ocrx_word' id='word_1_58' title='bbox 685 544 757 597; x_wconf 77' lang='lat' dir='ltr'>Magna</span> <span class='ocrx_word' id='word_1_59' title='bbox 771 545 800 583; x_wconf 87' lang='lat' dir='ltr'>vis</span> 
     </span>
     <span class='ocr_line' id='line_1_9' title="bbox 156 598 800 650; baseline 0.003 -15"><span class='ocrx_word' id='word_1_60' title='bbox 156 605 185 636; x_wconf 83' lang='lat' dir='ltr'>est</span> <span class='ocrx_word' id='word_1_61' title='bbox 195 598 320 642; x_wconf 74' lang='grc'><strong>111111111111,</strong></span> <span class='ocrx_word' id='word_1_62' title='bbox 336 598 416 649; x_wconf 83' lang='lat' dir='ltr'>judices,</span> <span class='ocrx_word' id='word_1_63' title='bbox 432 604 451 636; x_wconf 90' lang='lat' dir='ltr'>et</span> <span class='ocrx_word' id='word_1_64' title='bbox 461 610 531 649; x_wconf 79' lang='lat' dir='ltr'>magna</span> <span class='ocrx_word' id='word_1_65' title='bbox 544 598 564 635; x_wconf 93' lang='lat' dir='ltr'>iu</span> <span class='ocrx_word' id='word_1_66' title='bbox 573 604 675 650; x_wconf 85' lang='lat' dir='ltr'>utramque</span> <span class='ocrx_word' id='word_1_67' title='bbox 687 605 767 650; x_wconf 84' lang='lat' dir='ltr'>partem,</span> <span class='ocrx_word' id='word_1_68' title='bbox 778 604 800 637; x_wconf 92' lang='lat' dir='ltr'>nt</span> 
     </span>
     <span class='ocr_line' id='line_1_10' title="bbox 155 652 800 704; baseline 0 -14"><span class='ocrx_word' id='word_1_69' title='bbox 155 665 217 703; x_wconf 86' lang='lat' dir='ltr'>neque</span> <span class='ocrx_word' id='word_1_70' title='bbox 235 652 320 696; x_wconf 85' lang='lat' dir='ltr'>timeant,</span> <span class='ocrx_word' id='word_1_71' title='bbox 336 652 368 703; x_wconf 90' lang='lat' dir='ltr'>qni</span> <span class='ocrx_word' id='word_1_72' title='bbox 383 652 428 690; x_wconf 80' lang='lat' dir='ltr'>nihil</span> <span class='ocrx_word' id='word_1_73' title='bbox 443 652 578 697; x_wconf 87' lang='lat' dir='ltr'>commiserint,</span> <span class='ocrx_word' id='word_1_74' title='bbox 596 658 615 691; x_wconf 91' lang='lat' dir='ltr'>et</span> <span class='ocrx_word' id='word_1_75' title='bbox 630 665 708 704; x_wconf 87' lang='lat' dir='ltr'>poenam</span> <span class='ocrx_word' id='word_1_76' title='bbox 723 665 800 704; x_wconf 79' lang='lat' dir='ltr'>semper</span> 
     </span>
     <span class='ocr_line' id='line_1_11' title="bbox 120 706 799 758; baseline 0.004 -16"><span class='ocrx_word' id='word_1_77' title='bbox 120 713 199 748; x_wconf 77' lang='grc'><strong>1011111</strong></span> <span class='ocrx_word' id='word_1_78' title='bbox 209 706 274 744; x_wconf 86' lang='lat' dir='ltr'>oculos</span> <span class='ocrx_word' id='word_1_79' title='bbox 285 706 355 743; x_wconf 78' lang='lat' dir='ltr'>versari</span> <span class='ocrx_word' id='word_1_80' title='bbox 365 712 439 758; x_wconf 88' lang='lat' dir='ltr'>putent,</span> <span class='ocrx_word' id='word_1_81' title='bbox 451 706 482 757; x_wconf 89' lang='lat' dir='ltr'>qni</span> <span class='ocrx_word' id='word_1_82' title='bbox 498 707 600 756; x_wconf 74' lang='lat' dir='ltr'>peccarint.</span> <span class='ocrx_word' id='word_1_83' title='bbox 629 711 660 744; x_wconf 73' lang='lat'>62.</span> <span class='ocrx_word' id='word_1_84' title='bbox 676 707 695 744; x_wconf 84' lang='lat' dir='ltr'>N</span> <span class='ocrx_word' id='word_1_85' title='bbox 697 719 745 758; x_wconf 89' lang='lat' dir='ltr'>eque</span> <span class='ocrx_word' id='word_1_86' title='bbox 756 720 799 746; x_wconf 85' lang='lat' dir='ltr'>vero</span> 
     </span>
     <span class='ocr_line' id='line_1_12' title="bbox 155 760 800 812; baseline 0.005 -16"><span class='ocrx_word' id='word_1_87' title='bbox 155 760 195 797; x_wconf 90' lang='lat' dir='ltr'>sine</span> <span class='ocrx_word' id='word_1_88' title='bbox 209 760 281 798; x_wconf 88' lang='lat' dir='ltr'>ratione</span> <span class='ocrx_word' id='word_1_89' title='bbox 297 767 349 798; x_wconf 87' lang='lat' dir='ltr'>certa</span> <span class='ocrx_word' id='word_1_90' title='bbox 363 772 420 798; x_wconf 86' lang='lat' dir='ltr'>cansa</span> <span class='ocrx_word' id='word_1_91' title='bbox 437 760 512 797; x_wconf 81' lang='lat' dir='ltr'>Milonis</span> <span class='ocrx_word' id='word_1_92' title='bbox 522 773 598 811; x_wconf 90' lang='lat' dir='ltr'>semper</span> <span class='ocrx_word' id='word_1_93' title='bbox 614 765 702 798; x_wconf 88' lang='lat' dir='ltr'>asenatn</span> <span class='ocrx_word' id='word_1_94' title='bbox 718 762 800 812; x_wconf 85' lang='lat' dir='ltr'>probata</span> 
     </span>
     <span class='ocr_line' id='line_1_13' title="bbox 154 813 798 865; baseline 0 -14"><span class='ocrx_word' id='word_1_95' title='bbox 154 819 189 851; x_wconf 90' lang='lat' dir='ltr'>est.</span> <span class='ocrx_word' id='word_1_96' title='bbox 218 814 315 852; x_wconf 77' lang='lat' dir='ltr'>Videbunt</span> <span class='ocrx_word' id='word_1_97' title='bbox 332 814 381 851; x_wconf 88' lang='lat' dir='ltr'>eninr</span> <span class='ocrx_word' id='word_1_98' title='bbox 392 813 524 865; x_wconf 72' lang='lat' dir='ltr'>sapientissimi</span> <span class='ocrx_word' id='word_1_99' title='bbox 541 814 627 852; x_wconf 88' lang='lat' dir='ltr'>homines</span> <span class='ocrx_word' id='word_1_100' title='bbox 641 814 686 852; x_wconf 85' lang='lat' dir='ltr'>facti</span> <span class='ocrx_word' id='word_1_101' title='bbox 700 814 798 859; x_wconf 81' lang='lat' dir='ltr'>rationem,</span> 
     </span>
     <span class='ocr_line' id='line_1_14' title="bbox 155 867 799 918; baseline 0 -13"><span class='ocrx_word' id='word_1_102' title='bbox 155 869 277 918; x_wconf 71' lang='lat' dir='ltr'>presentiam</span> <span class='ocrx_word' id='word_1_103' title='bbox 289 867 350 911; x_wconf 86' lang='lat' dir='ltr'>animi,</span> <span class='ocrx_word' id='word_1_104' title='bbox 366 867 479 905; x_wconf 79' lang='lat' dir='ltr'>defensionis</span> <span class='ocrx_word' id='word_1_105' title='bbox 490 868 620 905; x_wconf 87' lang='lat' dir='ltr'>constantiam.</span> <span class='ocrx_word' id='word_1_106' title='bbox 647 868 681 905; x_wconf 82' lang='lat' dir='ltr'>An</span> <span class='ocrx_word' id='word_1_107' title='bbox 690 881 736 905; x_wconf 84' lang='lat' dir='ltr'>vero</span> <span class='ocrx_word' id='word_1_108' title='bbox 746 868 799 906; x_wconf 87' lang='lat' dir='ltr'>obliti</span> 
     </span>
     <span class='ocr_line' id='line_1_15' title="bbox 154 921 798 972; baseline 0.003 -14"><span class='ocrx_word' id='word_1_109' title='bbox 154 921 205 965; x_wconf 81' lang='lat' dir='ltr'>estis,</span> <span class='ocrx_word' id='word_1_110' title='bbox 220 921 301 972; x_wconf 79' lang='lat' dir='ltr'>jndices,</span> <span class='ocrx_word' id='word_1_111' title='bbox 312 921 383 958; x_wconf 81' lang='lat' dir='ltr'>recenti</span> <span class='ocrx_word' id='word_1_112' title='bbox 397 921 429 959; x_wconf 91' lang='lat' dir='ltr'>illo</span> <span class='ocrx_word' id='word_1_113' title='bbox 439 921 505 958; x_wconf 85' lang='lat' dir='ltr'>nuntio</span> <span class='ocrx_word' id='word_1_114' title='bbox 515 921 567 958; x_wconf 86' lang='lat' dir='ltr'>necis</span> <span class='ocrx_word' id='word_1_115' title='bbox 578 921 682 966; x_wconf 75' lang='lat' dir='ltr'>Clodianae,</span> <span class='ocrx_word' id='word_1_116' title='bbox 693 935 731 959; x_wconf 92' lang='lat' dir='ltr'>non</span> <span class='ocrx_word' id='word_1_117' title='bbox 740 922 798 960; x_wconf 91' lang='lat' dir='ltr'>modo</span> 
     </span>
     <span class='ocr_line' id='line_1_16' title="bbox 120 974 799 1025; baseline 0.003 -14"><span class='ocrx_word' id='word_1_118' title='bbox 120 984 144 1018; x_wconf 86' lang='lat'>15</span> <span class='ocrx_word' id='word_1_119' title='bbox 154 974 272 1012; x_wconf 88' lang='lat' dir='ltr'>inimicorum</span> <span class='ocrx_word' id='word_1_120' title='bbox 286 974 362 1012; x_wconf 86' lang='lat' dir='ltr'>Milonis</span> <span class='ocrx_word' id='word_1_121' title='bbox 372 987 468 1012; x_wconf 81' lang='lat' dir='ltr'>sermones</span> <span class='ocrx_word' id='word_1_122' title='bbox 478 980 497 1012; x_wconf 85' lang='lat' dir='ltr'>et</span> <span class='ocrx_word' id='word_1_123' title='bbox 508 974 610 1025; x_wconf 87' lang='lat' dir='ltr'>opiniones,</span> <span class='ocrx_word' id='word_1_124' title='bbox 621 975 655 1013; x_wconf 88' lang='lat' dir='ltr'>sed</span> <span class='ocrx_word' id='word_1_125' title='bbox 665 976 799 1013; x_wconf 89' lang='lat' dir='ltr'>nonnullorum</span> 
     </span>
     <span class='ocr_line' id='line_1_17' title="bbox 154 1028 798 1080; baseline 0.002 -14"><span class='ocrx_word' id='word_1_126' title='bbox 154 1029 210 1066; x_wconf 84' lang='lat' dir='ltr'>etiarn</span> <span class='ocrx_word' id='word_1_127' title='bbox 220 1029 368 1080; x_wconf 70' lang='lat' dir='ltr'>imperitorum?</span> <span class='ocrx_word' id='word_1_128' title='bbox 397 1028 501 1080; x_wconf 79' lang='lat' dir='ltr'>Negabant</span> <span class='ocrx_word' id='word_1_129' title='bbox 518 1041 562 1065; x_wconf 90' lang='lat' dir='ltr'>cnm</span> <span class='ocrx_word' id='word_1_130' title='bbox 578 1029 661 1067; x_wconf 81' lang='lat' dir='ltr'>Romam</span> <span class='ocrx_word' id='word_1_131' title='bbox 671 1041 712 1067; x_wconf 85' lang='lat' dir='ltr'>esse</span> <span class='ocrx_word' id='word_1_132' title='bbox 726 1030 798 1067; x_wconf 85' lang='lat' dir='ltr'>reditu-</span> 
     </span>
     <span class='ocr_line' id='line_1_18' title="bbox 153 1082 797 1134; baseline 0.002 -15"><span class='ocrx_word' id='word_1_133' title='bbox 153 1095 202 1119; x_wconf 91' lang='lat' dir='ltr'>rum.</span> <span class='ocrx_word' id='word_1_134' title='bbox 232 1087 263 1120; x_wconf 78' lang='grc'>13,</span> <span class='ocrx_word' id='word_1_135' title='bbox 279 1082 323 1121; x_wconf 77' lang='lat' dir='ltr'>Siue</span> <span class='ocrx_word' id='word_1_136' title='bbox 334 1082 383 1119; x_wconf 89' lang='lat' dir='ltr'>enirn</span> <span class='ocrx_word' id='word_1_137' title='bbox 398 1082 445 1119; x_wconf 92' lang='lat' dir='ltr'>illud</span> <span class='ocrx_word' id='word_1_138' title='bbox 455 1082 517 1119; x_wconf 85' lang='lat' dir='ltr'>animo</span> <span class='ocrx_word' id='word_1_139' title='bbox 528 1082 576 1120; x_wconf 89' lang='lat' dir='ltr'>irato</span> <span class='ocrx_word' id='word_1_140' title='bbox 586 1094 608 1120; x_wconf 88' lang='lat' dir='ltr'>ac</span> <span class='ocrx_word' id='word_1_141' title='bbox 626 1083 699 1134; x_wconf 89' lang='lat' dir='ltr'>percito</span> <span class='ocrx_word' id='word_1_142' title='bbox 715 1083 797 1128; x_wconf 81' lang='lat' dir='ltr'>fecisset,</span> 
     </span>
     <span class='ocr_line' id='line_1_19' title="bbox 153 1135 798 1181; baseline 0.002 -8"><span class='ocrx_word' id='word_1_143' title='bbox 153 1143 176 1173; x_wconf 91' lang='lat' dir='ltr'>ut</span> <span class='ocrx_word' id='word_1_144' title='bbox 192 1136 279 1174; x_wconf 87' lang='lat' dir='ltr'>incensus</span> <span class='ocrx_word' id='word_1_145' title='bbox 296 1136 339 1173; x_wconf 93' lang='lat' dir='ltr'>odio</span> <span class='ocrx_word' id='word_1_146' title='bbox 353 1136 458 1174; x_wconf 72' lang='lat' dir='ltr'>trucidaret</span> <span class='ocrx_word' id='word_1_147' title='bbox 474 1135 575 1180; x_wconf 85' lang='lat' dir='ltr'>inimicum,</span> <span class='ocrx_word' id='word_1_148' title='bbox 591 1137 738 1181; x_wconf 81' lang='lat' dir='ltr'>arbitrabantur,</span> <span class='ocrx_word' id='word_1_149' title='bbox 754 1149 798 1174; x_wconf 89' lang='lat' dir='ltr'>eum</span> 
     </span>
     <span class='ocr_line' id='line_1_20' title="bbox 154 1189 798 1241; baseline 0.003 -16"><span class='ocrx_word' id='word_1_150' title='bbox 154 1189 202 1227; x_wconf 85' lang='lat' dir='ltr'>tanti</span> <span class='ocrx_word' id='word_1_151' title='bbox 216 1195 298 1227; x_wconf 88' lang='lat' dir='ltr'>mortem</span> <span class='ocrx_word' id='word_1_152' title='bbox 316 1190 338 1227; x_wconf 89' lang='lat' dir='ltr'>P.</span> <span class='ocrx_word' id='word_1_153' title='bbox 358 1189 419 1227; x_wconf 77' lang='lat' dir='ltr'>clodii</span> <span class='ocrx_word' id='word_1_154' title='bbox 438 1194 522 1240; x_wconf 84' lang='lat' dir='ltr'>putasse,</span> <span class='ocrx_word' id='word_1_155' title='bbox 542 1194 564 1226; x_wconf 90' lang='lat' dir='ltr'>nt</span> <span class='ocrx_word' id='word_1_156' title='bbox 584 1202 638 1241; x_wconf 84' lang='lat' dir='ltr'>aequo</span> <span class='ocrx_word' id='word_1_157' title='bbox 655 1190 717 1227; x_wconf 83' lang='lat' dir='ltr'>animo</span> <span class='ocrx_word' id='word_1_158' title='bbox 737 1191 798 1241; x_wconf 83' lang='lat' dir='ltr'>patria</span> 
     </span>
     <span class='ocr_line' id='line_1_21' title="bbox 119 1243 798 1295; baseline 0.001 -15"><span class='ocrx_word' id='word_1_159' title='bbox 119 1252 144 1286; x_wconf 84' lang='lat'>20</span> <span class='ocrx_word' id='word_1_160' title='bbox 155 1248 233 1286; x_wconf 90' lang='lat' dir='ltr'>careret,</span> <span class='ocrx_word' id='word_1_161' title='bbox 244 1257 303 1294; x_wconf 89' lang='lat' dir='ltr'>quum</span> <span class='ocrx_word' id='word_1_162' title='bbox 314 1243 406 1295; x_wconf 81' lang='lat' dir='ltr'>sanguine</span> <span class='ocrx_word' id='word_1_163' title='bbox 415 1243 484 1280; x_wconf 89' lang='lat' dir='ltr'>inimici</span> <span class='ocrx_word' id='word_1_164' title='bbox 500 1243 595 1293; x_wconf 79' lang='lat' dir='ltr'>explesset</span> <span class='ocrx_word' id='word_1_165' title='bbox 611 1244 675 1281; x_wconf 87' lang='lat' dir='ltr'>odium</span> <span class='ocrx_word' id='word_1_166' title='bbox 685 1257 747 1288; x_wconf 89' lang='lat' dir='ltr'>suum,</span> <span class='ocrx_word' id='word_1_167' title='bbox 758 1245 798 1282; x_wconf 84' lang='lat' dir='ltr'>sive</span> 
     </span>
     <span class='ocr_line' id='line_1_22' title="bbox 154 1297 799 1347; baseline 0 -13"><span class='ocrx_word' id='word_1_168' title='bbox 154 1297 212 1334; x_wconf 86' lang='lat' dir='ltr'>etiam</span> <span class='ocrx_word' id='word_1_169' title='bbox 219 1297 267 1334; x_wconf 88' lang='lat' dir='ltr'>illius</span> <span class='ocrx_word' id='word_1_170' title='bbox 275 1302 336 1334; x_wconf 88' lang='lat' dir='ltr'>morte</span> <span class='ocrx_word' id='word_1_171' title='bbox 344 1297 425 1347; x_wconf 80' lang='lat' dir='ltr'>patriam</span> <span class='ocrx_word' id='word_1_172' title='bbox 432 1297 512 1334; x_wconf 87' lang='lat' dir='ltr'>liberare</span> <span class='ocrx_word' id='word_1_173' title='bbox 520 1297 615 1340; x_wconf 82' lang='lat' dir='ltr'>voluisset,</span> <span class='ocrx_word' id='word_1_174' title='bbox 623 1310 660 1334; x_wconf 91' lang='grc'>111</span> <span class='ocrx_word' id='word_1_175' title='bbox 667 1297 799 1335; x_wconf 81' lang='lat' dir='ltr'>dubitaturum</span> 
     </span>
     <span class='ocr_line' id='line_1_23' title="bbox 154 1350 797 1402; baseline 0.003 -15"><span class='ocrx_word' id='word_1_176' title='bbox 154 1351 223 1387; x_wconf 80' lang='lat' dir='ltr'>fortem</span> <span class='ocrx_word' id='word_1_177' title='bbox 233 1351 301 1394; x_wconf 80' lang='lat' dir='ltr'>virum,</span> <span class='ocrx_word' id='word_1_178' title='bbox 312 1350 363 1401; x_wconf 89' lang='lat' dir='ltr'>quin,</span> <span class='ocrx_word' id='word_1_179' title='bbox 374 1362 433 1400; x_wconf 90' lang='lat' dir='ltr'>quum</span> <span class='ocrx_word' id='word_1_180' title='bbox 443 1362 478 1387; x_wconf 90' lang='lat' dir='ltr'>suo</span> <span class='ocrx_word' id='word_1_181' title='bbox 493 1350 577 1400; x_wconf 85' lang='lat' dir='ltr'>periculo</span> <span class='ocrx_word' id='word_1_182' title='bbox 588 1351 669 1388; x_wconf 90' lang='lat' dir='ltr'>salntem</span> <span class='ocrx_word' id='word_1_183' title='bbox 678 1351 704 1388; x_wconf 93' lang='lat' dir='ltr'>rei</span> <span class='ocrx_word' id='word_1_184' title='bbox 714 1351 797 1402; x_wconf 82' lang='lat' dir='ltr'>publicae</span> 
     </span>
     <span class='ocr_line' id='line_1_24' title="bbox 154 1403 798 1455; baseline 0.002 -14"><span class='ocrx_word' id='word_1_185' title='bbox 154 1404 256 1447; x_wconf 83' lang='lat' dir='ltr'>attulisset,</span> <span class='ocrx_word' id='word_1_186' title='bbox 268 1404 344 1441; x_wconf 83' lang='lat' dir='ltr'>cederet</span> <span class='ocrx_word' id='word_1_187' title='bbox 356 1416 410 1453; x_wconf 82' lang='lat' dir='ltr'>aequo</span> <span class='ocrx_word' id='word_1_188' title='bbox 420 1404 482 1441; x_wconf 88' lang='lat' dir='ltr'>animo</span> <span class='ocrx_word' id='word_1_189' title='bbox 496 1403 576 1454; x_wconf 78' lang='lat' dir='ltr'>legibus,</span> <span class='ocrx_word' id='word_1_190' title='bbox 587 1416 652 1441; x_wconf 89' lang='lat' dir='ltr'>secum</span> <span class='ocrx_word' id='word_1_191' title='bbox 661 1405 745 1442; x_wconf 83' lang='lat' dir='ltr'>auferret</span> <span class='ocrx_word' id='word_1_192' title='bbox 757 1404 798 1455; x_wconf 78' lang='lat' dir='ltr'>glo-</span> 
     </span>
     <span class='ocr_line' id='line_1_25' title="bbox 154 1457 798 1508; baseline 0.002 -14"><span class='ocrx_word' id='word_1_193' title='bbox 154 1458 202 1494; x_wconf 83' lang='lat' dir='ltr'>riam</span> <span class='ocrx_word' id='word_1_194' title='bbox 212 1458 352 1508; x_wconf 84' lang='lat' dir='ltr'>sempiternam,</span> <span class='ocrx_word' id='word_1_195' title='bbox 363 1457 417 1494; x_wconf 87' lang='lat' dir='ltr'>nohis</span> <span class='ocrx_word' id='word_1_196' title='bbox 427 1457 470 1494; x_wconf 75' lang='grc'><strong>11111</strong></span> <span class='ocrx_word' id='word_1_197' title='bbox 484 1457 565 1494; x_wconf 84' lang='lat' dir='ltr'>fruenda</span> <span class='ocrx_word' id='word_1_198' title='bbox 574 1457 694 1508; x_wconf 87' lang='lat' dir='ltr'>relinqueret,</span> <span class='ocrx_word' id='word_1_199' title='bbox 705 1470 748 1508; x_wconf 79' lang='lat' dir='ltr'>qnae</span> <span class='ocrx_word' id='word_1_200' title='bbox 757 1459 798 1508; x_wconf 86' lang='lat' dir='ltr'>ipse</span> 
     </span>
     <span class='ocr_line' id='line_1_26' title="bbox 119 1510 798 1561; baseline 0 -13"><span class='ocrx_word' id='word_1_201' title='bbox 119 1522 144 1555; x_wconf 82' lang='lat'>25</span> <span class='ocrx_word' id='word_1_202' title='bbox 154 1516 254 1548; x_wconf 75' lang='lat' dir='ltr'>servasset.</span> <span class='ocrx_word' id='word_1_203' title='bbox 283 1510 339 1547; x_wconf 82' lang='lat' dir='ltr'>Multi</span> <span class='ocrx_word' id='word_1_204' title='bbox 349 1510 407 1547; x_wconf 87' lang='lat' dir='ltr'>etiam</span> <span class='ocrx_word' id='word_1_205' title='bbox 417 1510 518 1548; x_wconf 82' lang='lat' dir='ltr'>Catilinam</span> <span class='ocrx_word' id='word_1_206' title='bbox 528 1515 586 1560; x_wconf 91' lang='lat' dir='ltr'>atque</span> <span class='ocrx_word' id='word_1_207' title='bbox 595 1511 627 1547; x_wconf 87' lang='lat' dir='ltr'>illa</span> <span class='ocrx_word' id='word_1_208' title='bbox 635 1515 724 1561; x_wconf 88' lang='lat' dir='ltr'>portenta</span> <span class='ocrx_word' id='word_1_209' title='bbox 733 1511 798 1561; x_wconf 89' lang='lat' dir='ltr'>loque-</span> 
     </span>
     <span class='ocr_line' id='line_1_27' title="bbox 153 1563 798 1615; baseline 0 -14"><span class='ocrx_word' id='word_1_210' title='bbox 153 1565 235 1602; x_wconf 88' lang='lat' dir='ltr'>bantur:</span> <span class='ocrx_word' id='word_1_211' title='bbox 252 1563 370 1614; x_wconf 81' lang='lat' dir='ltr'>“Ernmpet,</span> <span class='ocrx_word' id='word_1_212' title='bbox 381 1564 484 1615; x_wconf 84' lang='lat' dir='ltr'>occupabit</span> <span class='ocrx_word' id='word_1_213' title='bbox 499 1563 581 1613; x_wconf 89' lang='lat' dir='ltr'>aliquem</span> <span class='ocrx_word' id='word_1_214' title='bbox 596 1564 665 1607; x_wconf 80' lang='lat' dir='ltr'>locum,</span> <span class='ocrx_word' id='word_1_215' title='bbox 679 1564 750 1602; x_wconf 87' lang='lat' dir='ltr'>bellum</span> <span class='ocrx_word' id='word_1_216' title='bbox 764 1577 798 1614; x_wconf 89' lang='lat' dir='ltr'>pa-</span> 
     </span>
     <span class='ocr_line' id='line_1_28' title="bbox 153 1617 798 1668; baseline 0 -13"><span class='ocrx_word' id='word_1_217' title='bbox 153 1619 195 1655; x_wconf 80' lang='lat' dir='ltr'>triae</span> <span class='ocrx_word' id='word_1_218' title='bbox 205 1617 282 1655; x_wconf 80' lang='lat' dir='ltr'>fncict.’⁷</span> <span class='ocrx_word' id='word_1_219' title='bbox 310 1617 390 1655; x_wconf 89' lang='lat' dir='ltr'>Miseros</span> <span class='ocrx_word' id='word_1_220' title='bbox 405 1617 501 1654; x_wconf 90' lang='lat' dir='ltr'>interdum</span> <span class='ocrx_word' id='word_1_221' title='bbox 512 1617 561 1654; x_wconf 87' lang='lat' dir='ltr'>cives</span> <span class='ocrx_word' id='word_1_222' title='bbox 571 1617 643 1667; x_wconf 90' lang='lat' dir='ltr'>optime</span> <span class='ocrx_word' id='word_1_223' title='bbox 657 1617 681 1655; x_wconf 92' lang='lat' dir='ltr'>de</span> <span class='ocrx_word' id='word_1_224' title='bbox 691 1630 711 1655; x_wconf 92' lang='lat' dir='ltr'>re</span> <span class='ocrx_word' id='word_1_225' title='bbox 721 1618 798 1668; x_wconf 84' lang='lat' dir='ltr'>publica</span> 
     </span>
     <span class='ocr_line' id='line_1_29' title="bbox 153 1669 798 1721; baseline 0 -13"><span class='ocrx_word' id='word_1_226' title='bbox 153 1672 237 1715; x_wconf 86' lang='lat' dir='ltr'>meritos,</span> <span class='ocrx_word' id='word_1_227' title='bbox 248 1671 267 1708; x_wconf 92' lang='grc'>11</span> <span class='ocrx_word' id='word_1_228' title='bbox 283 1670 353 1721; x_wconf 90' lang='lat' dir='ltr'>quihus</span> <span class='ocrx_word' id='word_1_229' title='bbox 370 1671 456 1708; x_wconf 89' lang='lat' dir='ltr'>homines</span> <span class='ocrx_word' id='word_1_230' title='bbox 470 1683 508 1707; x_wconf 91' lang='lat' dir='ltr'>non</span> <span class='ocrx_word' id='word_1_231' title='bbox 522 1669 579 1707; x_wconf 92' lang='lat' dir='ltr'>modo</span> <span class='ocrx_word' id='word_1_232' title='bbox 596 1683 626 1708; x_wconf 87' lang='lat' dir='ltr'>res</span> <span class='ocrx_word' id='word_1_233' title='bbox 644 1671 798 1721; x_wconf 81' lang='lat' dir='ltr'>praeclarissimas</span> 
     </span>
     <span class='ocr_line' id='line_1_30' title="bbox 154 1723 802 1776; baseline -0.002 -14"><span class='ocrx_word' id='word_1_234' title='bbox 154 1725 296 1769; x_wconf 79' lang='lat' dir='ltr'>obliviscuntur,</span> <span class='ocrx_word' id='word_1_235' title='bbox 305 1724 404 1762; x_wconf 88' lang='lat' dir='ltr'>sedetiam</span> <span class='ocrx_word' id='word_1_236' title='bbox 411 1723 492 1761; x_wconf 84' lang='lat' dir='ltr'>nefarias</span> <span class='ocrx_word' id='word_1_237' title='bbox 502 1723 634 1774; x_wconf 84' lang='lat' dir='ltr'>suspicantur!</span> <span class='ocrx_word' id='word_1_238' title='bbox 659 1727 689 1762; x_wconf 78' lang='lat'>64.</span> <span class='ocrx_word' id='word_1_239' title='bbox 704 1724 757 1776; x_wconf 78' lang='lat' dir='ltr'>Ergo</span> <span class='ocrx_word' id='word_1_240' title='bbox 766 1724 802 1762; x_wconf 85' lang='grc'><strong>1111</strong></span> 
     </span>
     <span class='ocr_line' id='line_1_31' title="bbox 118 1777 799 1829; baseline -0.001 -13"><span class='ocrx_word' id='word_1_241' title='bbox 118 1788 144 1822; x_wconf 86' lang='lat'>30</span> <span class='ocrx_word' id='word_1_242' title='bbox 153 1779 201 1817; x_wconf 84' lang='lat' dir='ltr'>falsa</span> <span class='ocrx_word' id='word_1_243' title='bbox 210 1779 298 1822; x_wconf 70' lang='lat' dir='ltr'>luerunt,</span> <span class='ocrx_word' id='word_1_244' title='bbox 313 1790 357 1829; x_wconf 82' lang='lat' dir='ltr'>quae</span> <span class='ocrx_word' id='word_1_245' title='bbox 367 1783 418 1815; x_wconf 88' lang='lat' dir='ltr'>certe</span> <span class='ocrx_word' id='word_1_246' title='bbox 425 1790 470 1815; x_wconf 75' lang='lat' dir='ltr'>vcra</span> <span class='ocrx_word' id='word_1_247' title='bbox 480 1777 601 1822; x_wconf 80' lang='lat' dir='ltr'>exstitissent,</span> <span class='ocrx_word' id='word_1_248' title='bbox 610 1777 626 1814; x_wconf 91' lang='lat' dir='ltr'>si</span> <span class='ocrx_word' id='word_1_249' title='bbox 635 1777 681 1815; x_wconf 91' lang='lat' dir='ltr'>Milo</span> <span class='ocrx_word' id='word_1_250' title='bbox 691 1777 799 1815; x_wconf 88' lang='lat' dir='ltr'>admisisset</span> 
     </span>
     <span class='ocr_line' id='line_1_32' title="bbox 153 1831 716 1882; baseline -0.002 -12"><span class='ocrx_word' id='word_1_251' title='bbox 153 1832 230 1882; x_wconf 88' lang='lat' dir='ltr'>aliquid,</span> <span class='ocrx_word' id='word_1_252' title='bbox 242 1831 293 1882; x_wconf 89' lang='lat' dir='ltr'>qnod</span> <span class='ocrx_word' id='word_1_253' title='bbox 304 1844 342 1869; x_wconf 91' lang='lat' dir='ltr'>non</span> <span class='ocrx_word' id='word_1_254' title='bbox 351 1836 417 1882; x_wconf 87' lang='lat' dir='ltr'>posset</span> <span class='ocrx_word' id='word_1_255' title='bbox 426 1831 506 1869; x_wconf 88' lang='lat' dir='ltr'>honeste</span> <span class='ocrx_word' id='word_1_256' title='bbox 516 1843 599 1881; x_wconf 87' lang='lat' dir='ltr'>vereque</span> <span class='ocrx_word' id='word_1_257' title='bbox 609 1831 716 1869; x_wconf 81' lang='lat' dir='ltr'>defendere.</span> 
     </span>
    </p>

    <p class='ocr_par' dir='ltr' id='par_1_3' title="bbox 153 1884 797 2035">
     <span class='ocr_line' id='line_1_33' title="bbox 180 1884 797 1936; baseline -0.003 -13"><span class='ocrx_word' id='word_1_258' title='bbox 180 1885 253 1923; x_wconf 78' lang='lat' dir='ltr'>XXIV,</span> <span class='ocrx_word' id='word_1_259' title='bbox 269 1885 319 1930; x_wconf 79' lang='lat' dir='ltr'>Quid</span> <span class='ocrx_word' id='word_1_260' title='bbox 325 1886 333 1922; x_wconf 72' lang='lat' dir='ltr'>‘l</span> <span class='ocrx_word' id='word_1_261' title='bbox 349 1898 393 1935; x_wconf 85' lang='lat' dir='ltr'>quae</span> <span class='ocrx_word' id='word_1_262' title='bbox 409 1891 477 1935; x_wconf 88' lang='lat' dir='ltr'>postea</span> <span class='ocrx_word' id='word_1_263' title='bbox 491 1888 536 1921; x_wconf 90' lang='lat' dir='ltr'>sunt</span> <span class='ocrx_word' id='word_1_264' title='bbox 552 1884 571 1921; x_wconf 89' lang='lat' dir='ltr'>in</span> <span class='ocrx_word' id='word_1_265' title='bbox 585 1897 629 1921; x_wconf 92' lang='lat' dir='ltr'>eum</span> <span class='ocrx_word' id='word_1_266' title='bbox 646 1889 742 1936; x_wconf 75' lang='lat' dir='ltr'>congesta,</span> <span class='ocrx_word' id='word_1_267' title='bbox 753 1898 797 1935; x_wconf 81' lang='lat' dir='ltr'>quae</span> 
     </span>
     <span class='ocr_line' id='line_1_34' title="bbox 154 1937 797 1989; baseline -0.003 -13"><span class='ocrx_word' id='word_1_268' title='bbox 154 1939 240 1989; x_wconf 86' lang='lat' dir='ltr'>quemvis</span> <span class='ocrx_word' id='word_1_269' title='bbox 255 1939 313 1975; x_wconf 86' lang='lat' dir='ltr'>etiam</span> <span class='ocrx_word' id='word_1_270' title='bbox 327 1938 451 1975; x_wconf 88' lang='lat' dir='ltr'>mediocrium</span> <span class='ocrx_word' id='word_1_271' title='bbox 467 1937 579 1975; x_wconf 87' lang='lat' dir='ltr'>delictorum</span> <span class='ocrx_word' id='word_1_272' title='bbox 596 1937 710 1975; x_wconf 85' lang='lat' dir='ltr'>conscicntia</span> <span class='ocrx_word' id='word_1_273' title='bbox 730 1951 797 1989; x_wconf 87' lang='lat' dir='ltr'>percu-</span> 
     </span>
     <span class='ocr_line' id='line_1_35' title="bbox 153 1990 797 2035; baseline -0.002 -6"><span class='ocrx_word' id='word_1_274' title='bbox 153 1993 258 2035; x_wconf 75' lang='grc'><strong>1111111111</strong></span> <span class='ocrx_word' id='word_1_275' title='bbox 272 1991 370 2028; x_wconf 83' lang='lat' dir='ltr'>sustinuit!</span> <span class='ocrx_word' id='word_1_276' title='bbox 385 1990 410 2027; x_wconf 94' lang='lat' dir='ltr'>dii</span> <span class='ocrx_word' id='word_1_277' title='bbox 421 1990 549 2027; x_wconf 86' lang='lat' dir='ltr'>innnortalesl</span> <span class='ocrx_word' id='word_1_278' title='bbox 564 1990 666 2027; x_wconf 73' lang='lat' dir='ltr'>sustinuit?</span> <span class='ocrx_word' id='word_1_279' title='bbox 680 1991 738 2028; x_wconf 91' lang='lat' dir='ltr'>immo</span> <span class='ocrx_word' id='word_1_280' title='bbox 753 2003 797 2028; x_wconf 83' lang='lat' dir='ltr'>vero</span> 
     </span>
    </p>

    <p class='ocr_par' dir='ltr' id='par_1_4' title="bbox 119 2042 855 2308">
     <span class='ocr_line' id='line_1_36' title="bbox 119 2042 797 2094; baseline -0.001 -12"><span class='ocrx_word' id='word_1_281' title='bbox 119 2055 144 2089; x_wconf 82' lang='lat'>35</span> <span class='ocrx_word' id='word_1_282' title='bbox 154 2051 177 2082; x_wconf 90' lang='lat' dir='ltr'>ut</span> <span class='ocrx_word' id='word_1_283' title='bbox 191 2044 305 2094; x_wconf 86' lang='lat' dir='ltr'>contempsit</span> <span class='ocrx_word' id='word_1_284' title='bbox 319 2056 341 2080; x_wconf 88' lang='lat' dir='ltr'>ac</span> <span class='ocrx_word' id='word_1_285' title='bbox 358 2056 393 2094; x_wconf 93' lang='lat' dir='ltr'>pro</span> <span class='ocrx_word' id='word_1_286' title='bbox 408 2043 465 2080; x_wconf 87' lang='lat' dir='ltr'>nihilo</span> <span class='ocrx_word' id='word_1_287' title='bbox 480 2042 565 2093; x_wconf 80' lang='lat' dir='ltr'>putavit!</span> <span class='ocrx_word' id='word_1_288' title='bbox 580 2056 623 2092; x_wconf 86' lang='lat' dir='ltr'>quae</span> <span class='ocrx_word' id='word_1_289' title='bbox 638 2056 699 2094; x_wconf 87' lang='lat' dir='ltr'>neque</span> <span class='ocrx_word' id='word_1_290' title='bbox 715 2045 797 2081; x_wconf 85' lang='lat' dir='ltr'>maximo</span> 
     </span>
     <span class='ocr_line' id='line_1_37' title="bbox 154 2096 855 2149; baseline -0.001 -14"><span class='ocrx_word' id='word_1_291' title='bbox 154 2099 217 2135; x_wconf 88' lang='lat' dir='ltr'>animo</span> <span class='ocrx_word' id='word_1_292' title='bbox 227 2110 303 2141; x_wconf 85' lang='lat' dir='ltr'>nocens,</span> <span class='ocrx_word' id='word_1_293' title='bbox 314 2109 376 2146; x_wconf 88' lang='lat' dir='ltr'>neque</span> <span class='ocrx_word' id='word_1_294' title='bbox 386 2097 480 2140; x_wconf 89' lang='lat' dir='ltr'>innocens,</span> <span class='ocrx_word' id='word_1_295' title='bbox 490 2096 525 2133; x_wconf 87' lang='lat' dir='ltr'>nisi</span> <span class='ocrx_word' id='word_1_296' title='bbox 534 2096 648 2133; x_wconf 79' lang='lat' dir='ltr'>fortissimus</span> <span class='ocrx_word' id='word_1_297' title='bbox 658 2097 691 2141; x_wconf 77' lang='lat' dir='ltr'>nir,</span> <span class='ocrx_word' id='word_1_298' title='bbox 702 2097 798 2149; x_wconf 78' lang='lat' dir='ltr'>negligere</span> <span class='ocrx_word' id='word_1_299' title='bbox 852 2120 855 2129; x_wconf 51' lang='grc' dir='ltr'><strong><em>ι</em></strong></span> 
     </span>
     <span class='ocr_line' id='line_1_38' title="bbox 154 2148 799 2203; baseline -0.005 -14"><span class='ocrx_word' id='word_1_300' title='bbox 154 2152 254 2203; x_wconf 88' lang='lat' dir='ltr'>potuisset.</span> <span class='ocrx_word' id='word_1_301' title='bbox 283 2149 392 2193; x_wconf 81' lang='lat' dir='ltr'>Scutorum,</span> <span class='ocrx_word' id='word_1_302' title='bbox 408 2149 521 2200; x_wconf 76' lang='lat' dir='ltr'>gladiorum,</span> <span class='ocrx_word' id='word_1_303' title='bbox 539 2148 548 2200; x_wconf 81' lang='lat'>†</span> <span class='ocrx_word' id='word_1_304' title='bbox 564 2150 662 2187; x_wconf 85' lang='lat' dir='ltr'>frenorum</span> <span class='ocrx_word' id='word_1_305' title='bbox 678 2151 799 2201; x_wconf 88' lang='lat' dir='ltr'>pilorumque</span> 
     </span>
     <span class='ocr_line' id='line_1_39' title="bbox 154 2202 799 2254; baseline -0.005 -12"><span class='ocrx_word' id='word_1_306' title='bbox 154 2206 212 2243; x_wconf 83' lang='lat' dir='ltr'>etiam</span> <span class='ocrx_word' id='word_1_307' title='bbox 226 2203 330 2241; x_wconf 90' lang='lat' dir='ltr'>multitudo</span> <span class='ocrx_word' id='word_1_308' title='bbox 346 2202 464 2253; x_wconf 90' lang='lat' dir='ltr'>deprehendi</span> <span class='ocrx_word' id='word_1_309' title='bbox 478 2215 534 2254; x_wconf 87' lang='lat' dir='ltr'>posse</span> <span class='ocrx_word' id='word_1_310' title='bbox 548 2202 678 2247; x_wconf 88' lang='lat' dir='ltr'>indicabatur;</span> <span class='ocrx_word' id='word_1_311' title='bbox 692 2204 767 2241; x_wconf 89' lang='lat' dir='ltr'>nullum</span> <span class='ocrx_word' id='word_1_312' title='bbox 780 2203 799 2240; x_wconf 89' lang='lat' dir='ltr'>in</span> 
     </span>
     <span class='ocr_line' id='line_1_40' title="bbox 154 2255 799 2308; baseline -0.006 -12"><span class='ocrx_word' id='word_1_313' title='bbox 154 2260 202 2296; x_wconf 89' lang='lat' dir='ltr'>urbe</span> <span class='ocrx_word' id='word_1_314' title='bbox 211 2257 280 2302; x_wconf 81' lang='lat' dir='ltr'>vicum,</span> <span class='ocrx_word' id='word_1_315' title='bbox 291 2257 364 2294; x_wconf 89' lang='lat' dir='ltr'>nullum</span> <span class='ocrx_word' id='word_1_316' title='bbox 379 2256 501 2306; x_wconf 75' lang='lat' dir='ltr'>angiportum</span> <span class='ocrx_word' id='word_1_317' title='bbox 511 2268 553 2294; x_wconf 86' lang='lat' dir='ltr'>esse</span> <span class='ocrx_word' id='word_1_318' title='bbox 569 2255 664 2301; x_wconf 90' lang='lat' dir='ltr'>dicebant,</span> <span class='ocrx_word' id='word_1_319' title='bbox 674 2256 693 2294; x_wconf 91' lang='lat' dir='ltr'>in</span> <span class='ocrx_word' id='word_1_320' title='bbox 709 2270 747 2308; x_wconf 90' lang='lat' dir='ltr'>quo</span> <span class='ocrx_word' id='word_1_321' title='bbox 761 2268 799 2294; x_wconf 91' lang='lat' dir='ltr'>non</span> 
     </span>
    </p>

    <p class='ocr_par' dir='ltr' id='par_1_5' title="bbox 119 2309 800 2574">
     <span class='ocr_line' id='line_1_41' title="bbox 119 2309 799 2355; baseline -0.006 -6"><span class='ocrx_word' id='word_1_322' title='bbox 119 2321 145 2355; x_wconf 83' lang='lat'>40</span> <span class='ocrx_word' id='word_1_323' title='bbox 155 2312 221 2349; x_wconf 83' lang='lat' dir='ltr'>Miloni</span> <span class='ocrx_word' id='word_1_324' title='bbox 231 2311 326 2349; x_wconf 86' lang='lat' dir='ltr'>conducta</span> <span class='ocrx_word' id='word_1_325' title='bbox 336 2313 386 2347; x_wconf 87' lang='lat' dir='ltr'>esset</span> <span class='ocrx_word' id='word_1_326' title='bbox 401 2309 480 2353; x_wconf 89' lang='lat' dir='ltr'>domns;</span> <span class='ocrx_word' id='word_1_327' title='bbox 495 2322 548 2346; x_wconf 84' lang='lat' dir='ltr'>arma</span> <span class='ocrx_word' id='word_1_328' title='bbox 563 2309 582 2347; x_wconf 94' lang='lat' dir='ltr'>in</span> <span class='ocrx_word' id='word_1_329' title='bbox 591 2309 656 2347; x_wconf 77' lang='lat' dir='ltr'>uillam</span> <span class='ocrx_word' id='word_1_330' title='bbox 666 2310 799 2348; x_wconf 86' lang='lat' dir='ltr'>Ocriculanam</span> 
     </span>
     <span class='ocr_line' id='line_1_42' title="bbox 155 2361 798 2413; baseline -0.005 -11"><span class='ocrx_word' id='word_1_331' title='bbox 155 2364 236 2403; x_wconf 80' lang='lat' dir='ltr'>derecta</span> <span class='ocrx_word' id='word_1_332' title='bbox 252 2363 326 2407; x_wconf 80' lang='lat' dir='ltr'>Tiberi3</span> <span class='ocrx_word' id='word_1_333' title='bbox 341 2362 410 2400; x_wconf 87' lang='lat' dir='ltr'>domus</span> <span class='ocrx_word' id='word_1_334' title='bbox 426 2362 445 2399; x_wconf 92' lang='lat' dir='ltr'>in</span> <span class='ocrx_word' id='word_1_335' title='bbox 460 2361 507 2399; x_wconf 77' lang='lat' dir='ltr'>clivo</span> <span class='ocrx_word' id='word_1_336' title='bbox 518 2362 626 2413; x_wconf 80' lang='lat' dir='ltr'>Capitolino</span> <span class='ocrx_word' id='word_1_337' title='bbox 643 2364 702 2401; x_wconf 84' lang='lat' dir='ltr'>scutis</span> <span class='ocrx_word' id='word_1_338' title='bbox 716 2363 798 2406; x_wconf 84' lang='lat' dir='ltr'>referta;</span> 
     </span>
     <span class='ocr_line' id='line_1_43' title="bbox 155 2415 798 2468; baseline -0.003 -13"><span class='ocrx_word' id='word_1_339' title='bbox 155 2418 212 2468; x_wconf 86' lang='lat' dir='ltr'>plena</span> <span class='ocrx_word' id='word_1_340' title='bbox 222 2417 284 2454; x_wconf 88' lang='lat' dir='ltr'>onmia</span> <span class='ocrx_word' id='word_1_341' title='bbox 293 2416 425 2454; x_wconf 81' lang='lat' dir='ltr'>nialleolorum</span> <span class='ocrx_word' id='word_1_342' title='bbox 436 2415 461 2452; x_wconf 87' lang='lat' dir='ltr'>ad</span> <span class='ocrx_word' id='word_1_343' title='bbox 474 2415 527 2452; x_wconf 91' lang='lat' dir='ltr'>urbis</span> <span class='ocrx_word' id='word_1_344' title='bbox 536 2416 624 2453; x_wconf 87' lang='lat' dir='ltr'>incendia</span> <span class='ocrx_word' id='word_1_345' title='bbox 638 2423 798 2467; x_wconf 88' lang='lat' dir='ltr'>comparatorum.</span> 
     </span>
     <span class='ocr_line' id='line_1_44' title="bbox 155 2468 800 2518; baseline -0.006 -10"><span class='ocrx_word' id='word_1_346' title='bbox 155 2470 206 2508; x_wconf 80' lang='lat' dir='ltr'>Haec</span> <span class='ocrx_word' id='word_1_347' title='bbox 219 2482 258 2506; x_wconf 89' lang='lat' dir='ltr'>non</span> <span class='ocrx_word' id='word_1_348' title='bbox 272 2470 336 2506; x_wconf 82' lang='lat' dir='ltr'>delata</span> <span class='ocrx_word' id='word_1_349' title='bbox 350 2469 417 2511; x_wconf 89' lang='lat' dir='ltr'>solum,</span> <span class='ocrx_word' id='word_1_350' title='bbox 429 2468 463 2505; x_wconf 89' lang='lat' dir='ltr'>sed</span> <span class='ocrx_word' id='word_1_351' title='bbox 479 2480 535 2517; x_wconf 80' lang='lat' dir='ltr'>paene</span> <span class='ocrx_word' id='word_1_352' title='bbox 545 2468 622 2512; x_wconf 85' lang='lat' dir='ltr'>credita,</span> <span class='ocrx_word' id='word_1_353' title='bbox 633 2481 668 2506; x_wconf 90' lang='lat' dir='ltr'>nec</span> <span class='ocrx_word' id='word_1_354' title='bbox 682 2474 727 2517; x_wconf 83' lang='grc'><strong>1111</strong></span> <span class='ocrx_word' id='word_1_355' title='bbox 742 2481 800 2518; x_wconf 77' lang='lat' dir='ltr'>repu-</span> 
     </span>
     <span class='ocr_line' id='line_1_45' title="bbox 156 2520 800 2574; baseline -0.005 -13"><span class='ocrx_word' id='word_1_356' title='bbox 156 2523 208 2561; x_wconf 86' lang='lat' dir='ltr'>diata</span> <span class='ocrx_word' id='word_1_357' title='bbox 222 2528 272 2568; x_wconf 87' lang='lat' dir='ltr'>snut,</span> <span class='ocrx_word' id='word_1_358' title='bbox 283 2534 340 2574; x_wconf 90' lang='lat' dir='ltr'>quam</span> <span class='ocrx_word' id='word_1_359' title='bbox 354 2521 440 2573; x_wconf 81' lang='lat' dir='ltr'>quaesita.</span> <span class='ocrx_word' id='word_1_360' title='bbox 469 2524 499 2559; x_wconf 77' lang='lat'>65.</span> <span class='ocrx_word' id='word_1_361' title='bbox 514 2520 628 2559; x_wconf 68' lang='lat' dir='ltr'>Laudabant</span> <span class='ocrx_word' id='word_1_362' title='bbox 638 2521 727 2573; x_wconf 88' lang='lat' dir='ltr'>equidem</span> <span class='ocrx_word' id='word_1_363' title='bbox 740 2521 800 2559; x_wconf 85' lang='lat' dir='ltr'>incre·</span> 
     </span>
    </p>
   </div>
   <div class='ocr_carea' id='block_1_3' title="bbox 0 0 874 2673">
    <p class='ocr_par' dir='ltr' id='par_1_6' title="bbox 0 0 874 2673">
     <span class='ocr_line' id='line_1_46' title="bbox 0 0 874 2673; baseline 0 0"><span class='ocrx_word' id='word_1_364' title='bbox 0 0 874 2673; x_wconf 95' lang='lat' dir='ltr'> </span> 
     </span>
    </p>
   </div>
  </div>
 </body>
</html>
