1738 2673
120 89 159 126 104
444 98 515 126 0111110

154 185 237 239 poprdis
252 188 277 227 de
286 200 368 239 quorum
383 188 440 226 rebus
450 187 544 232 scribitur,
560 188 604 226 haee
618 187 683 239 ampla
695 191 745 233 sunt,
756 190 798 225 tum

154 241 177 280 iis
187 246 244 287 certe,
255 241 287 295 qui
299 241 323 281 de
337 240 377 281 vita
386 241 452 295 gloriae
464 254 523 281 causa
532 241 628 288 dimicant,
643 242 680 281 hoc
693 241 798 280 maximum

156 300 176 333 et
190 296 317 347 periculorum
330 296 474 334 incitamentum
485 301 514 333 est
528 300 548 332 et
560 296 654 333 laborum.
689 300 719 333 24.
735 296 799 340 Quam

155 350 227 387 multos
246 350 348 400 scriptores
364 362 428 387 rerum
445 361 523 386 suarum
542 362 624 399 magnus
640 349 672 387 ille
688 348 799 387 Alexander

135 410 222 445 5secum
235 403 325 442 habuisse
335 401 413 441 dicitur!
441 402 507 453 Atque
521 401 537 440 is
551 407 621 448 tamen,
637 415 696 453 quum
710 401 729 440 in
741 401 799 454 Sigeo

156 456 182 495 ad
196 457 277 496 Achillis
287 456 383 495 tumulum
397 455 508 502 adstitisset,
527 455 543 494 0
553 457 659 506 fortunate,
673 455 738 508 inquit,
754 456 799 493 ado-

157 511 227 556 lescens,
242 512 276 561 qut
286 516 322 547 tace
331 511 408 547 virtutis
419 509 523 547 Homerum
529 523 633 559 preconem
642 509 747 548 inueneris!
774 510 800 547 Et

156 578 212 603 vere:
233 578 283 609 nam,
298 565 334 602 nisi
351 564 396 602 Ilias
411 564 443 602 illa
462 565 570 609 exstitisset,
587 564 639 603 idem
655 564 747 609 tumulus,
767 563 800 614 qui

157 631 227 670 corpus
245 619 287 671 ejus
303 622 418 663 contexerat,
435 631 505 657 nomen
521 618 578 657 etiam
597 618 697 658 obruisset.
733 617 799 665 Quid?

123 677 148 714 le
157 679 222 712 noster
238 673 268 713 hic
283 672 372 726 Magnus,
387 671 419 724 qui
434 685 478 712 cum
488 673 557 712 virtute
574 673 671 712 fortunam
685 671 799 725 adaquavit,

157 740 219 766 norme
229 727 366 779 Theophanem
375 727 513 778 Mitylenaeum,
521 727 632 778 scriptorem
642 740 706 765 rerum
716 739 799 771 suarum,

157 781 177 818 in
193 782 283 819 concione
298 782 379 818 militum
396 781 472 818 civitate
486 782 577 825 donavit;
592 786 612 818 et
628 782 688 819 nostri
701 781 727 817 illi
741 781 801 818 fortes

158 834 198 880 viri,
209 835 243 873 sed
257 835 322 873 rustici
336 848 359 872 ac
368 834 444 879 milites,
456 834 556 872 dulcedine
571 835 654 885 quadam
669 834 735 887 gloriae
749 847 800 871 com-

158 889 211 933 moti,
226 889 280 939 quasi
290 887 392 939 participes
403 888 490 939 ejusdem
501 887 568 933 laudis,
578 901 649 940 magno
658 888 705 926 illud
719 888 801 926 clamore

124 947 148 984 15
158 942 328 993 approbaverunt?
358 946 389 981 25.
404 942 478 993 ltaque,
490 942 553 986 credo,
564 942 580 979 si
594 941 639 980 civis
654 942 752 980 Romanus
762 941 800 978 Ar-

158 996 210 1034 chias
227 995 302 1047 legibus
315 1008 354 1032 non
370 1000 426 1039 esset,
443 1000 465 1032 nt
480 995 581 1046 abaliquo
597 995 712 1047 imperatore
725 995 801 1033 civitate

158 1049 266 1093 donaretur,
287 1049 377 1099 perficere
396 1061 434 1086 non
450 1049 518 1100 potnit.
555 1048 614 1094 Sulla,
629 1062 688 1100 quum
703 1048 800 1100 Hispanos

158 1103 238 1142 donaret
247 1108 267 1141 et
277 1103 349 1147 Gallos,
358 1103 421 1147 credo,
429 1103 480 1140 hunc
490 1107 588 1154 petentem
598 1102 728 1155 repudiasset3
743 1115 801 1154 quem

157 1170 192 1195 nos
206 1158 225 1195 in
239 1157 328 1195 concione
343 1156 429 1201 vidimus,
437 1169 496 1207 quum
504 1156 521 1195 ei
527 1157 612 1195 libellum
627 1156 689 1194 malus
704 1161 761 1208 poeta
775 1155 800 1194 de

123 1218 149 1252 20
158 1211 231 1263 populo
245 1211 364 1262 subjecisset,
379 1210 430 1262 qnod
445 1210 563 1263 epigramma
579 1211 598 1248 in
608 1223 652 1249 eum
668 1210 744 1249 fecisset
758 1214 800 1248 tan-

158 1264 258 1302 tummodo
268 1265 344 1302 alternis
354 1265 439 1303 versibus
454 1264 581 1316 longiusculis,
592 1264 656 1301 statim
667 1277 690 1302 er
704 1264 726 1301 iis
735 1265 799 1308 rebus,

158 1330 205 1369 quas
216 1324 261 1356 tune
270 1318 371 1362 vendebat,
385 1318 453 1369 jubere
463 1317 480 1355 ei
490 1318 590 1369 praemium
599 1317 661 1362 tribui,
677 1317 711 1356 sed
721 1330 744 1356 ea
756 1330 799 1355 con-

158 1371 234 1416 ditione,
252 1385 276 1410 ne
292 1372 338 1422 quid
355 1377 423 1422 postea
438 1371 535 1410 scriberet.
570 1371 607 1417 Qui
619 1372 741 1410 sedulitatem
756 1371 801 1410 mali

158 1432 221 1478 poetae
230 1425 306 1464 duxerit
313 1426 376 1476 aliquo
384 1432 448 1464 tamen
456 1425 535 1477 praemio
543 1425 626 1478 dignam,
637 1426 695 1476 hujus
704 1425 801 1479 ingenium

124 1487 148 1522 25
158 1487 178 1518 et
194 1480 284 1518 virtutem
299 1479 318 1517 in
331 1479 432 1517 scribendo
445 1485 464 1518 et
479 1479 553 1530 copiam
567 1492 605 1517 non
619 1480 738 1531 expetisset?
768 1484 799 1518 26.

158 1533 224 1579 Quid?
246 1546 257 1571 a
274 1534 297 1579 Q.
308 1532 387 1571 Metello
402 1533 442 1578 Pio,
458 1533 603 1571 familiarissimo
620 1546 661 1578 suo,
678 1533 710 1585 qui
724 1533 800 1572 civitate

157 1588 229 1626 multos
239 1587 323 1632 donavit,
336 1599 398 1638 neque
413 1601 447 1638 per
457 1600 478 1625 se
487 1600 549 1638 neque
563 1600 597 1638 per
610 1587 700 1625 Lucullos
710 1587 800 1639 impetra-

157 1640 230 1679 visset?
245 1641 278 1693 qni
284 1640 391 1692 praesertim
400 1654 490 1692 usqueeo
500 1641 524 1679 de
534 1642 572 1679 suis
582 1641 639 1679 rebus
649 1642 705 1679 scribi
715 1646 800 1693 cuperet,

157 1700 180 1732 ut
190 1695 247 1733 etiam
259 1694 355 1734 Cordubae
369 1695 418 1733 natis
433 1695 494 1747 poetis
504 1695 574 1748 pingue
588 1695 680 1745 quiddam
689 1695 800 1734 sonantibus

123 1757 148 1791 30
158 1756 215 1800 atque
226 1749 348 1801 peregrinum
357 1756 422 1787 tamen
432 1762 487 1787 aures
497 1762 540 1787 suas
550 1749 635 1787 dederet.

185 1803 219 1840 XI.
235 1802 303 1854 Neque
313 1803 363 1841 enim
373 1809 402 1841 est
416 1803 452 1841 hoc
467 1803 631 1847 dissimulandum,
642 1803 694 1853 quod
704 1802 801 1841 obscurari

158 1870 195 1894 non
203 1864 272 1908 potest,
283 1852 317 1894 sed
324 1869 364 1908 prae
373 1857 427 1895 nobis
436 1857 546 1895 ferendum:
563 1856 654 1894 trahimur
661 1869 727 1895 omnes
736 1856 801 1895 studio

157 1911 220 1948 laudis
230 1915 249 1948 et
263 1910 346 1962 optimus
356 1910 436 1961 quisque
450 1911 532 1949 maxime
546 1911 606 1963 gloria
616 1911 696 1949 ducitur.
725 1911 766 1962 Ipsi
775 1910 801 1948 illi

159 1964 268 2015 philosophi
278 1963 335 2001 etiam
344 1964 363 2001 in
373 1964 395 2001 iis
404 1964 478 2008 libellis,
489 1977 537 2015 quos
554 1964 578 2002 de
588 1965 727 2002 contemnenda
740 1963 801 2017 gloria

124 2025 148 2061 35
159 2018 249 2061 scribunt,
259 2029 328 2055 nomen
338 2030 394 2055 suum
403 2017 519 2056 inscribunt:
533 2017 552 2056 in
563 2030 585 2056 eo
597 2018 644 2069 ipso,
654 2017 673 2055 in
683 2031 721 2069 quo
731 2018 800 2070 praedi-

159 2073 254 2110 cationem
270 2071 427 2121 nobilitatemque
445 2071 558 2122 despiciunt,
576 2072 677 2122 praedicari
696 2072 720 2110 de
739 2085 759 2110 se
778 2085 800 2110 ac

158 2124 251 2164 nominari
267 2124 339 2163 volunt.
374 2126 405 2163 at,
420 2124 510 2163 Decimus
527 2125 604 2176 quidem
621 2126 697 2171 Brutus,
715 2139 800 2164 summus

158 2179 187 2217 vir
196 2184 216 2218 et
229 2179 338 2231 imperator,
349 2177 409 2224 Accii⁷
420 2178 527 2218 amicissimi
540 2179 575 2224 sui,
591 2179 704 2218 carminibus
719 2179 800 2230 templo·

157 2247 200 2272 rum
210 2246 233 2271 ac
242 2238 409 2271 monumentorum
419 2234 482 2272 aditus
489 2233 586 2272 exornavit
596 2246 679 2272 suorum.
701 2234 745 2272 Jam
755 2245 800 2270 vero

123 2294 148 2330 40
158 2287 195 2333 ille,
210 2287 243 2339 qui
259 2300 303 2325 cum
317 2286 390 2325 AEtolis
406 2287 467 2325 Ennio
484 2287 552 2326 comite
569 2287 647 2325 bellavit
665 2287 743 2325 Fulvius
762 2299 801 2324 non

157 2341 252 2380 dubitavit
269 2340 335 2379 Martis
351 2340 451 2378 manubias
467 2340 527 2378 Musis
544 2353 658 2379 consecrare.
694 2341 762 2387 Quare,
781 2340 800 2377 in

157 2408 195 2445 qua
210 2395 258 2433 urbe
274 2395 398 2445 imperatores
414 2407 475 2446 prope
491 2395 558 2432 armati
575 2401 676 2446 poetarum
692 2408 761 2433 nemen
781 2398 800 2431 et

156 2449 257 2486 Musarum
267 2448 347 2486 delubra
355 2449 460 2493 coluerunt,
471 2448 489 2486 in
500 2461 522 2486 ea
529 2461 566 2486 non
576 2448 647 2487 debent
657 2448 718 2501 togati
725 2448 801 2500 judiees

156 2503 277 2540 aMusarum
286 2502 357 2539 honore
365 2508 384 2541 et
394 2515 405 2539 a
415 2507 515 2553 poetarum
526 2502 587 2540 salute
597 2503 705 2541 abhorrere.
