1738 2673
294 47 316 72 IN
331 46 446 79 CATILINAM,
462 46 507 73 CAP.
522 46 549 72 1v.
754 42 777 76 ll

98 134 118 172 in
133 139 206 178 senatu,
223 134 263 173 fore
280 135 299 173 in
315 135 372 173 armis
390 139 443 173 certo
457 135 493 179 die,
504 134 536 186 qui
547 134 587 173 dies
603 136 680 173 futurus
695 140 746 174 esset

99 188 205 226 antediem
215 189 251 226 Vl.
262 189 305 227 Kal.
318 188 443 234 Novembres,
455 189 476 227 Ο.
488 188 580 233 Mallium,
591 188 677 227 audaciae
689 190 745 227 satel-

99 241 152 279 litem
162 247 220 293 atque
230 242 361 281 administrum
371 243 424 281 tuae?
454 242 507 280 Num
520 256 552 281 me
567 242 640 286 fefellit,
658 243 744 287 Catilina,

98 308 136 332 non
146 297 204 334 modo
214 309 244 333 res
260 302 320 340 tanta,
330 303 370 333 tam
386 302 446 341 atrox,
457 301 497 334 tam
514 296 633 340 incredibilis,
644 310 717 341 verum,
726 298 744 335 id

99 349 151 399 quod
162 350 223 388 multo
233 350 294 402 magis
304 355 333 388 est
347 350 486 394 admirandum,
498 350 554 388 dies?
582 350 626 388 Dixi
643 363 679 402 ego
693 351 743 389 idem
753 359 764 391 5

98 402 117 439 in
128 409 201 447 senatu,
213 403 287 441 caedem
302 409 322 441 te
332 403 452 454 optimatium
463 403 565 441 contulisse
575 403 594 441 in
604 410 647 441 ante
658 404 707 442 diem
720 404 743 441 V.

98 456 197 494 Kalendas
212 457 337 501 Novembres,
349 463 395 501 tam,
406 470 466 508 quum
481 453 648 509 mnltiprinclpes
664 457 744 495 civitatis

99 509 161 547 Roma
171 523 208 548 non
222 515 263 548 tam
273 511 302 549 sui
317 511 446 555 conservandi,
458 523 516 562 quam
533 515 610 548 tuorum
624 511 743 549 consiliorum

98 564 262 614 reprimendorum
280 577 337 601 causa
352 565 484 616 profugerunt.
513 565 566 602 Num
575 565 649 602 infitiari
660 571 715 616 potes
726 572 744 603 te

98 616 130 654 illo
145 618 187 668 ipso
203 617 233 656 die
249 618 295 656 meis
310 618 409 669 praesidiis,
425 631 467 656 mea
484 618 582 670 diligentia
592 619 743 663 circumclusumy
755 625 777 658 10

98 683 218 709 commovere
231 677 250 709 te
260 678 326 709 contra
336 685 376 710 rem
386 672 483 722 publicam
493 685 530 710 uon
545 672 636 723 potuisse,
647 686 705 723 quum
716 681 743 717 tn,

98 724 184 762 discessu
194 731 306 769 ceterorum,
317 730 383 762 nostra
395 731 466 768 tamen,
474 722 507 776 qui
516 726 678 769 remansissemus
689 727 744 763 caede

98 783 209 816 contentum
219 784 239 816 te
249 791 290 816 esse
300 778 394 816 dicebas?
423 783 441 817 8.
458 778 524 824 Quid?
554 779 617 824 Quum
628 785 650 816 tu
660 785 679 817 te
688 780 742 817 Prae-

97 838 151 869 neste
166 831 259 870 Kalendis
274 832 320 882 ipsis
337 832 480 870 Novembribus
495 837 635 883 occupaturum
651 838 744 870 nocturno

97 884 170 935 impetu
178 898 220 922 osse
230 886 346 923 confideres:
362 886 461 923 sensistine
471 886 522 922 illam
533 886 626 923 coloniam
636 899 679 923 meo
688 887 744 936 jussu
754 887 776 920 15

97 938 143 976 meis
161 939 254 989 praesidiis
270 939 361 977 custodiis
377 939 482 991 vigiliisque
498 952 540 977 esse
556 939 663 977 munitam?
691 939 743 977 Nilril

97 992 143 1043 agis,
154 992 200 1030 nihil
210 993 286 1036 moliris,
294 993 339 1030 nihil
349 993 428 1045 cogitas,
440 992 492 1043 quod
502 1005 539 1044 ego
548 1006 585 1030 non
595 993 653 1031 modo
659 993 742 1037 audiam,

97 1046 131 1083 sed
142 1046 200 1083 etiam
209 1046 286 1083 videam
296 1046 390 1097 planeque
400 1047 486 1084 sentiam.

124 1099 159 1136 IV.
175 1099 300 1150 Recognosce
316 1100 394 1137 tandem
409 1113 485 1137 mecum
499 1105 576 1136 noctem
592 1099 643 1136 illam
659 1100 742 1150 superio-

96 1165 149 1189 rem:
164 1152 204 1203 jam
221 1152 314 1203 intelliges
329 1153 391 1190 multo
407 1166 438 1190 me
453 1152 531 1204 vigilare
546 1153 607 1190 acrius
622 1152 646 1190 ad
661 1153 742 1190 salutem
752 1155 777 1188 20

97 1218 154 1255 quam
170 1211 188 1244 te
198 1206 223 1244 ad
239 1206 341 1257 perniciem
357 1206 382 1244 rei
392 1206 482 1258 publicae.
510 1206 559 1245 Dico
574 1212 594 1244 te
610 1206 673 1258 priore
687 1213 743 1244 nocte

96 1259 170 1297 venisse
188 1260 237 1297 inter
253 1259 341 1298 falcarios
358 1258 404 1312 (non
420 1271 476 1312 agam
494 1259 582 1311 obscure)
600 1260 619 1296 in
636 1260 662 1297 Μ.
678 1260 741 1297 Laecae

97 1312 186 1350 domum:
209 1313 319 1351 convenisse
336 1313 405 1350 eodem
421 1314 530 1364 complures
547 1313 634 1363 ejusdem
654 1314 741 1351 amentiae

96 1366 211 1417 scelerisque
230 1367 296 1404 socios.
335 1366 388 1404 Num
406 1379 475 1418 negare
494 1366 570 1405 audes?
604 1366 655 1412 Quid
675 1367 741 1404 taces'l

97 1418 221 1465 Convincam,
239 1419 254 1458 si
269 1432 334 1472 negas.
370 1420 433 1458 Video
449 1420 498 1458 enim
517 1418 576 1472 [esse]
593 1420 624 1458 hic
639 1420 658 1458 in
675 1423 775 1458 senauaa

96 1474 195 1523 quosdam,
210 1474 243 1525 qui
258 1479 321 1511 tecum
337 1487 376 1511 una
390 1475 474 1512 fuerunt.
504 1479 521 1512 9.
540 1474 556 1511 Ο
574 1474 599 1511 dii
615 1474 742 1511 immortales!

96 1527 174 1564 ubinam
183 1527 269 1579 gentium
279 1528 358 1565 sumus?
388 1529 451 1573 Quam
464 1540 504 1565 rem
521 1527 618 1578 publicam
632 1527 741 1565 habemus?

96 1580 120 1617 In
134 1593 172 1631 qua
186 1581 233 1619 urhe
244 1581 339 1619 vivimus?
368 1582 410 1625 Hic,
427 1581 457 1618 hic
474 1588 525 1626 sunt,
540 1588 605 1618 nostro
622 1581 641 1618 in
655 1594 741 1625 numero,

95 1633 164 1671 Patres
174 1634 281 1686 conscripti,
292 1635 310 1672 in
327 1635 363 1673 hoc
381 1634 432 1672 orbis
449 1641 505 1672 terrae
521 1634 639 1672 sanctissimo
653 1634 741 1686 gravissi·

96 1700 166 1737 moquc
176 1688 259 1732 consilio,
268 1689 300 1739 qui
310 1687 334 1725 de
344 1693 409 1726 nostro
420 1688 503 1725 omnium
513 1688 595 1731 interitu,
606 1687 672 1738 quide
683 1688 741 1738 hujus
750 1692 775 1725 30

96 1741 148 1778 urbis
164 1746 222 1791 atque
238 1742 287 1779 adeo
304 1742 355 1779 orbis
372 1747 465 1778 terrarum
483 1741 540 1778 exitio
556 1741 646 1792 cogitent.
676 1741 741 1778 Hosce

96 1806 132 1846 ego
143 1794 197 1832 tideo
212 1794 314 1839 consulet
331 1794 355 1832 de
365 1807 385 1832 re
400 1794 477 1846 publica
494 1793 608 1832 sententiam
622 1793 681 1846 rogo!
709 1794 740 1838 Et,

96 1861 144 1898 quos
160 1848 211 1885 ferro
226 1848 315 1887 trucidari
330 1849 437 1899 oportebat,
453 1860 485 1886 eos
499 1848 585 1885 nondum
596 1860 642 1886 voce
652 1848 741 1886 vulnero!

96 1901 157 1939 Fuisti
172 1901 229 1953 igitur
241 1901 294 1953 apud
309 1902 388 1938 Laecam
402 1902 434 1938 illa
448 1906 509 1946 nocte,
521 1901 614 1938 Catilina:
630 1901 742 1939 distribuisti

96 1964 161 2004 partes
176 1954 249 1993 ltaliae:
265 1955 354 1998 statuisti,
369 1968 407 2005 quo
425 1967 520 2006 quemque
537 1954 630 2005 proficisci
645 1954 740 2006 placeret:
750 1961 774 1994 35

96 2007 190 2061 delegisti,
205 2022 253 2059 quos
270 2009 338 2048 Romae
357 2008 477 2059 relinqueres
492 2020 541 2059 quos
557 2013 621 2046 tecum
637 2007 741 2052 educeres;

96 2061 213 2113 descripsisti
226 2063 277 2100 urbis
295 2068 360 2113 partes
374 2062 399 2099 ad
412 2062 509 2106 incendia;
525 2062 639 2098 confirmasti
650 2068 669 2098 te
678 2062 742 2112 ipsum

94 2114 136 2165 jam
150 2128 192 2153 esse
202 2116 308 2159 exiturum3
323 2115 387 2153 dixisti
396 2115 504 2166 paullulum
517 2115 552 2153 tibi
566 2127 607 2151 esse
617 2114 674 2152 etiam
691 2128 741 2152 nunc

95 2181 162 2214 morae,
177 2170 230 2220 quod
244 2182 280 2221 ego
290 2168 378 2207 viverem.
407 2168 486 2219 Reperti
503 2173 547 2207 sunt
564 2167 603 2205 duo
613 2168 686 2218 equites
702 2168 741 2206 Ro-

95 2222 152 2268 mani,
170 2222 203 2274 qui
218 2228 238 2261 te
254 2223 292 2260 ista
302 2235 347 2260 cura
363 2223 465 2261 liberarent
481 2226 501 2259 et
519 2234 561 2259 sese
579 2221 611 2259 illa
629 2221 671 2272 ipsa
685 2226 775 2261 nocte40

97 2277 163 2325 paullo
173 2281 218 2313 ante
227 2277 290 2314 lucem
303 2289 334 2314 me
345 2276 362 2313 in
373 2289 416 2313 meo
426 2276 496 2313 lectulo
505 2275 639 2312 interfecturos
649 2287 691 2312 esse
700 2275 741 2325 pol-

96 2329 204 2367 licerentur.
234 2335 264 2367 10.
280 2330 330 2367 Haec
341 2343 377 2381 ego
387 2329 456 2372 omnia,
463 2328 542 2365 vixdum
551 2328 608 2366 etiam
619 2333 741 2366 oostuvestro

97 2382 181 2426 dimisso,
193 2383 288 2434 comperi:
304 2382 384 2421 domum
398 2395 460 2420 meam
471 2381 576 2433 majoribus
593 2381 686 2432 praesidiis
701 2394 741 2420 mu-

96 2436 134 2474 nivi
144 2445 202 2487 atque
211 2436 295 2474 firmavi:
310 2436 382 2475 exclusi
392 2449 430 2480 eos,
441 2449 489 2486 quos
499 2441 521 2473 tu
530 2448 585 2473 mane
595 2436 621 2473 ad
631 2448 661 2475 me
671 2436 742 2474 saluta-
