1738 2673
355 353 418 391 PRO

87 406 271 542 auen
307 468 687 545 antonino

370 626 402 652 AD

237 721 531 782 CAESAREM

314 868 456 918 calaio.

87 1173 104 1213 I.
134 1178 151 1211 1.
167 1173 227 1219 Quum
242 1173 263 1211 in
279 1173 366 1211 omnibus
381 1174 443 1212 causis
460 1173 584 1226 gratioribus,
600 1173 621 1212 O.
633 1174 706 1220 Oaesar,

60 1227 112 1266 initio
123 1226 199 1265 dicendi
213 1227 329 1266 commoveri
342 1227 414 1266 soleam
424 1227 563 1272 vehementius,
574 1240 632 1279 quam
642 1227 706 1266 n'dea-

60 1286 92 1319 tur
101 1281 133 1319 vel
146 1294 193 1319 usus
202 1281 233 1319 vel
248 1286 296 1319 aetas
306 1293 350 1319 mea
359 1282 463 1333 postulare,
474 1287 516 1319 tum
530 1282 549 1319 in
563 1283 599 1320 hac
610 1294 668 1320 causa
679 1282 706 1319 ita

60 1347 92 1372 me
108 1335 170 1372 multa
186 1335 306 1385 perturbant,
321 1339 348 1379 ut,
359 1341 453 1385 quantum
467 1348 510 1372 mea
526 1335 575 1372 fides
585 1335 643 1373 studii
659 1336 706 1373 mihi

61 1388 128 1425 afferat
144 1387 170 1425 ad
189 1388 271 1426 salutem
287 1387 338 1440 regis
357 1387 443 1426 Deiotari
462 1387 609 1433 defendendam,
629 1393 706 1426 tantum
727 1395 739 1429 5

60 1441 158 1479 facultatis
174 1441 336 1480 timordetrahat.
364 1441 452 1479 Primum
462 1441 505 1480 dico
522 1455 558 1493 pro
572 1443 635 1494 capite
644 1442 705 1480 fortu-

60 1494 127 1546 nisque
143 1495 207 1547 regis3
229 1494 281 1546 quod
300 1495 364 1546 ipsum
381 1496 416 1532 etsi
432 1508 470 1532 non
486 1495 573 1546 iniquum
590 1501 619 1533 est
635 1496 654 1532 in
671 1501 705 1533 tuo

60 1548 163 1586 dumtaxat
177 1548 267 1599 periculo,
278 1553 344 1585 tamen
358 1553 387 1585 est
401 1548 428 1585 ita
441 1548 559 1592 inusitatum,
569 1562 636 1601 regem
650 1562 704 1587 reum

61 1602 128 1652 capitis
136 1614 183 1645 esse,
191 1606 213 1638 ut
223 1607 267 1639 ante
276 1601 313 1639 hoc
323 1606 400 1652 tempus
408 1602 477 1639 nonsit
485 1601 578 1639 auditum.
601 1606 617 1640 2.
629 1602 704 1640 Deinde

60 1667 105 1692 eum
114 1667 187 1705 regem,
195 1667 253 1704 quem
263 1666 331 1692 ornare
344 1659 401 1692 antea
411 1659 480 1692 cuncto
495 1667 539 1692 cum
549 1659 618 1692 senatu
629 1655 703 1693 soleba·
713 1659 737 1693 lo

60 1721 103 1746 mus
120 1720 156 1759 pro
170 1707 268 1758 perpetuis
278 1707 320 1758 ejus
334 1707 353 1744 in
362 1712 448 1745 nostram
461 1719 501 1745 rem
517 1708 614 1758 publicam
624 1709 702 1753 meritis,

59 1774 110 1799 nunc
121 1765 186 1798 contra
196 1761 336 1798 atrocissimum
346 1761 416 1798 crimen
430 1774 489 1812 cogor
503 1760 612 1799 defendere.
640 1762 703 1800 Acce«

60 1815 94 1858 dit,
104 1819 126 1852 ut
136 1819 270 1852 accusatorum
280 1814 358 1852 alterius
368 1813 487 1858 crudelitate,
498 1814 575 1853 alterius
589 1814 703 1867 indignitate

60 1868 169 1906 conturber.
198 1867 286 1906 Crudelis
297 1867 371 1912 Castor,
382 1880 406 1905 ne
421 1867 483 1906 dicam
494 1868 609 1906 sceleratum
620 1874 639 1905 et
648 1869 703 1920 impi-

60 1934 105 1966 um;
119 1921 152 1973 qui
168 1934 228 1973 nepos
239 1933 297 1959 avum
313 1921 332 1959 in
342 1921 409 1973 capitis
426 1920 528 1959 discrimen
541 1921 643 1959 adduxerit
657 1923 703 1959 ado·
713 1927 736 1961 15

4 2008 6 2012 ,
60 1975 196 2026 lescentiaeque
210 1988 251 2014 suae
266 1980 358 2013 terrorem
375 1975 460 2013 intulerit
474 1975 496 2019 ei,
512 1975 567 2026 cujus
584 1980 703 2014 senectutem

60 2028 109 2065 tuen'
119 2035 138 2066 et
148 2034 214 2080 tegere
222 2029 311 2073 debebat,
319 2028 543 2080 commendationemque
552 2029 634 2067 ineuntis
641 2029 703 2067 aetatis

60 2082 85 2120 ab
101 2081 200 2133 impietate
214 2087 234 2121 et
250 2082 322 2121 scelere
339 2082 426 2127 duxerit;
447 2082 478 2120 aii
494 2094 576 2127 servum,
591 2088 703 2134 corruptum

60 2135 150 2186 praemiis,
159 2135 184 2174 ad
194 2136 325 2175 accusandum
341 2136 439 2174 dominum
454 2135 557 2186 impulerit,
569 2148 580 2174 a
593 2137 702 2188 legatorum

60 2188 142 2240 pedibus
152 2190 259 2227 abduxerit.
282 2195 299 2227 3.
314 2189 399 2241 Fugititi
408 2194 473 2227 antem
481 2189 580 2226 dominum
589 2189 702 2233 accusantis,
711 2193 736 2227 20

60 2246 80 2279 et
90 2242 189 2280 dominum
199 2244 299 2282 absentem
310 2247 329 2282 et
342 2243 441 2282 dominum
451 2242 585 2281 amicissimum
595 2247 665 2281 nostrae
676 2242 703 2280 rei

60 2295 150 2345 publicae,
168 2309 229 2347 quum
245 2310 266 2335 os
280 2297 376 2342 in'debam,
391 2310 451 2349 quum
465 2297 523 2334 verba
540 2296 648 2340 audiebam,
665 2309 704 2333 non

60 2353 101 2386 tam
111 2349 201 2388 afflictam
211 2351 284 2402 regiam
295 2351 421 2389 conditionem
433 2350 528 2393 dolebam,
539 2362 597 2400 quam
607 2350 631 2387 de
642 2350 703 2387 fortu-

60 2402 89 2439 nis
99 2403 233 2441 communibus
243 2405 398 2443 extimescebam.
415 2404 466 2441 Nam
476 2417 535 2454 quum
545 2416 598 2441 more
608 2403 704 2454 majorum

61 2455 85 2493 de
95 2468 150 2495 servo
163 2457 183 2495 in
193 2457 292 2496 dominum
301 2471 325 2496 ne
335 2458 435 2496 tormentis
449 2456 527 2509 quidem
537 2457 599 2509 quaeri
612 2457 675 2503 liceat,
684 2457 707 2496 in
