<?xml version="1.0" encoding="UTF-8"?>
<!DOCTYPE html PUBLIC "-//W3C//DTD XHTML 1.0 Transitional//EN"
    "http://www.w3.org/TR/xhtml1/DTD/xhtml1-transitional.dtd">
<html xmlns="http://www.w3.org/1999/xhtml" xml:lang="en" lang="en">
 <head>
  <title>
</title>
<meta http-equiv="Content-Type" content="text/html;charset=utf-8" />
  <meta name='ocr-system' content='tesseract 3.04.00' />
  <meta name='ocr-capabilities' content='ocr_page ocr_carea ocr_par ocr_line ocrx_word'/>
</head>
<body>
  <div class='ocr_page' id='page_1' title='image "MN40048ucmf_0_0224.png"; bbox 0 0 1738 2673; ppageno 0'>
   <div class='ocr_carea' id='block_1_1' title="bbox 243 97 779 133">
    <p class='ocr_par' dir='ltr' id='par_1_1' title="bbox 243 97 779 133">
     <span class='ocr_line' id='line_1_1' title="bbox 243 97 779 133; baseline 0.006 -3"><span class='ocrx_word' id='word_1_1' title='bbox 243 105 303 131; x_wconf 75' lang='lat' dir='ltr'><em>‘smmi</em></span> <span class='ocrx_word' id='word_1_2' title='bbox 315 104 402 130; x_wconf 66' lang='lat' dir='ltr'><em>osismos</em></span> <span class='ocrx_word' id='word_1_3' title='bbox 413 103 500 130; x_wconf 77' lang='lat' dir='ltr'>AGAINST</span> <span class='ocrx_word' id='word_1_4' title='bbox 510 104 610 132; x_wconf 71' lang='lat' dir='ltr'><em>summa.</em></span> <span class='ocrx_word' id='word_1_5' title='bbox 740 97 779 133; x_wconf 79' lang='lat'><em>205</em></span> 
     </span>
    </p>
   </div>
   <div class='ocr_carea' id='block_1_2' title="bbox 97 168 780 253">
    <p class='ocr_par' dir='ltr' id='par_1_2' title="bbox 97 168 780 253">
     <span class='ocr_line' id='line_1_2' title="bbox 97 168 780 253; baseline 0.001 -29"><span class='ocrx_word' id='word_1_6' title='bbox 97 192 144 224; x_wconf 85' lang='lat' dir='ltr'><em>oium</em></span> <span class='ocrx_word' id='word_1_7' title='bbox 152 192 225 225; x_wconf 82' lang='lat' dir='ltr'><em>colonias</em></span> <span class='ocrx_word' id='word_1_8' title='bbox 233 191 332 223; x_wconf 81' lang='lat' dir='ltr'><em>devastavit.</em></span> <span class='ocrx_word' id='word_1_9' title='bbox 358 191 413 231; x_wconf 77' lang='lat' dir='ltr'><em>Quum</em></span> <span class='ocrx_word' id='word_1_10' title='bbox 421 191 469 224; x_wconf 87' lang='lat' dir='ltr'><em>nulla</em></span> <span class='ocrx_word' id='word_1_11' title='bbox 477 202 515 233; x_wconf 87' lang='lat' dir='ltr'><em>spes</em></span> <span class='ocrx_word' id='word_1_12' title='bbox 523 197 566 224; x_wconf 86' lang='lat' dir='ltr'><em>esset</em></span> <span class='ocrx_word' id='word_1_13' title='bbox 578 192 688 235; x_wconf 76' lang='lat' dir='ltr'><em>optimatibus</em></span> <span class='ocrx_word' id='word_1_14' title='bbox 695 168 780 253; x_wconf 52' lang='lat' dir='ltr'><em>rosis-3³5⁸</em></span> 
     </span>
    </p>
   </div>
   <div class='ocr_carea' id='block_1_3' title="bbox 85 245 746 2568">
    <p class='ocr_par' dir='ltr' id='par_1_3' title="bbox 92 245 746 1033">
     <span class='ocr_line' id='line_1_3' title="bbox 98 245 746 288; baseline 0.002 -11"><span class='ocrx_word' id='word_1_15' title='bbox 98 246 145 277; x_wconf 86' lang='lat' dir='ltr'><em>tendi</em></span> <span class='ocrx_word' id='word_1_16' title='bbox 154 250 223 288; x_wconf 87' lang='lat' dir='ltr'><em>propter</em></span> <span class='ocrx_word' id='word_1_17' title='bbox 231 247 320 287; x_wconf 71' lang='lat' dir='ltr'><em>segnitiem</em></span> <span class='ocrx_word' id='word_1_18' title='bbox 333 250 350 277; x_wconf 81' lang='lat' dir='ltr'><em>et</em></span> <span class='ocrx_word' id='word_1_19' title='bbox 361 245 452 287; x_wconf 83' lang='lat' dir='ltr'><em>perfidiam</em></span> <span class='ocrx_word' id='word_1_20' title='bbox 465 250 482 277; x_wconf 89' lang='lat' dir='ltr'><em>et</em></span> <span class='ocrx_word' id='word_1_21' title='bbox 490 245 551 277; x_wconf 88' lang='lat' dir='ltr'><em>ducum</em></span> <span class='ocrx_word' id='word_1_22' title='bbox 559 251 576 277; x_wconf 89' lang='lat' dir='ltr'><em>et</em></span> <span class='ocrx_word' id='word_1_23' title='bbox 587 247 665 284; x_wconf 87' lang='lat' dir='ltr'><em>militurn,</em></span> <span class='ocrx_word' id='word_1_24' title='bbox 674 249 703 288; x_wconf 78' lang='lat' dir='ltr'><em>qui</em></span> <span class='ocrx_word' id='word_1_25' title='bbox 711 258 746 278; x_wconf 90' lang='lat' dir='ltr'><em>eor-</em></span> 
     </span>
     <span class='ocr_line' id='line_1_4' title="bbox 97 297 746 341; baseline 0.003 -11"><span class='ocrx_word' id='word_1_26' title='bbox 97 300 144 340; x_wconf 87' lang='lat' dir='ltr'><em>rupti</em></span> <span class='ocrx_word' id='word_1_27' title='bbox 152 303 182 329; x_wconf 88' lang='lat' dir='ltr'><em>aut</em></span> <span class='ocrx_word' id='word_1_28' title='bbox 188 309 266 341; x_wconf 79' lang='lat' dir='ltr'><em>pugnare</em></span> <span class='ocrx_word' id='word_1_29' title='bbox 275 297 358 337; x_wconf 90' lang='lat' dir='ltr'><em>nolebant,</em></span> <span class='ocrx_word' id='word_1_30' title='bbox 365 304 394 330; x_wconf 88' lang='lat' dir='ltr'><em>aut</em></span> <span class='ocrx_word' id='word_1_31' title='bbox 403 297 426 330; x_wconf 90' lang='lat' dir='ltr'><em>ad</em></span> <span class='ocrx_word' id='word_1_32' title='bbox 435 299 511 330; x_wconf 84' lang='lat' dir='ltr'><em>diversas</em></span> <span class='ocrx_word' id='word_1_33' title='bbox 516 304 576 341; x_wconf 90' lang='lat' dir='ltr'><em>partes</em></span> <span class='ocrx_word' id='word_1_34' title='bbox 582 299 682 338; x_wconf 85' lang='lat' dir='ltr'><em>transibant,</em></span> <span class='ocrx_word' id='word_1_35' title='bbox 690 300 746 333; x_wconf 83' lang='lat' dir='ltr'><em>Cinna</em></span> 
     </span>
     <span class='ocr_line' id='line_1_5' title="bbox 97 350 746 394; baseline 0.005 -12"><span class='ocrx_word' id='word_1_36' title='bbox 97 355 113 382; x_wconf 90' lang='lat' dir='ltr'><em>et</em></span> <span class='ocrx_word' id='word_1_37' title='bbox 121 350 188 383; x_wconf 75' lang='lat' dir='ltr'><em>illarius</em></span> <span class='ocrx_word' id='word_1_38' title='bbox 196 353 214 383; x_wconf 89' lang='lat' dir='ltr'><em>in</em></span> <span class='ocrx_word' id='word_1_39' title='bbox 223 351 279 383; x_wconf 88' lang='lat' dir='ltr'><em>urbem</em></span> <span class='ocrx_word' id='word_1_40' title='bbox 287 353 350 394; x_wconf 75' lang='lat' dir='ltr'><em>recepti</em></span> <span class='ocrx_word' id='word_1_41' title='bbox 358 357 409 384; x_wconf 88' lang='lat' dir='ltr'><em>sunt:</em></span> <span class='ocrx_word' id='word_1_42' title='bbox 421 353 456 394; x_wconf 76' lang='lat' dir='ltr'><em>qni,</em></span> <span class='ocrx_word' id='word_1_43' title='bbox 465 352 510 383; x_wconf 85' lang='lat' dir='ltr'><em>velat</em></span> <span class='ocrx_word' id='word_1_44' title='bbox 519 358 591 394; x_wconf 91' lang='lat' dir='ltr'><em>captum,</em></span> <span class='ocrx_word' id='word_1_45' title='bbox 600 364 636 384; x_wconf 92' lang='lat' dir='ltr'><em>eam</em></span> <span class='ocrx_word' id='word_1_46' title='bbox 644 353 718 385; x_wconf 78' lang='lat' dir='ltr'><em>cudibus</em></span> <span class='ocrx_word' id='word_1_47' title='bbox 729 359 746 386; x_wconf 87' lang='lat' dir='ltr'><em>et</em></span> 
     </span>
     <span class='ocr_line' id='line_1_6' title="bbox 95 404 745 445; baseline 0.003 -9"><span class='ocrx_word' id='word_1_48' title='bbox 95 405 162 445; x_wconf 88' lang='lat' dir='ltr'><em>rapinis</em></span> <span class='ocrx_word' id='word_1_49' title='bbox 173 410 268 443; x_wconf 84' lang='lat' dir='ltr'><em>vastarunt,</em></span> <span class='ocrx_word' id='word_1_50' title='bbox 279 405 310 437; x_wconf 80' lang='lat' dir='ltr'><em>Gn.</em></span> <span class='ocrx_word' id='word_1_51' title='bbox 320 404 391 437; x_wconf 86' lang='lat' dir='ltr'><em>Octavio</em></span> <span class='ocrx_word' id='word_1_52' title='bbox 404 406 470 437; x_wconf 84' lang='lat' dir='ltr'><em>consule</em></span> <span class='ocrx_word' id='word_1_53' title='bbox 482 406 541 442; x_wconf 82' lang='lat' dir='ltr'><em>occiso,</em></span> <span class='ocrx_word' id='word_1_54' title='bbox 550 410 565 437; x_wconf 93' lang='lat' dir='ltr'><em>et</em></span> <span class='ocrx_word' id='word_1_55' title='bbox 579 405 656 438; x_wconf 88' lang='lat' dir='ltr'><em>omnibus</em></span> <span class='ocrx_word' id='word_1_56' title='bbox 671 407 745 439; x_wconf 79' lang='lat' dir='ltr'><em>aduersae</em></span> 
     </span>
     <span class='ocr_line' id='line_1_7' title="bbox 93 457 744 501; baseline 0.006 -13"><span class='ocrx_word' id='word_1_57' title='bbox 93 459 150 499; x_wconf 88' lang='lat' dir='ltr'><em>partis</em></span> <span class='ocrx_word' id='word_1_58' title='bbox 164 457 247 490; x_wconf 88' lang='lat' dir='ltr'><em>nobilibus</em></span> <span class='ocrx_word' id='word_1_59' title='bbox 261 458 358 496; x_wconf 85' lang='lat' dir='ltr'><em>trucidatis,</em></span> <span class='ocrx_word' id='word_1_60' title='bbox 373 459 417 490; x_wconf 90' lang='lat' dir='ltr'><em>inter</em></span> <span class='ocrx_word' id='word_1_61' title='bbox 431 469 471 500; x_wconf 77' lang='lat' dir='ltr'><em>quas</em></span> <span class='ocrx_word' id='word_1_62' title='bbox 484 458 508 490; x_wconf 81' lang='lat' dir='ltr'><em>M.</em></span> <span class='ocrx_word' id='word_1_63' title='bbox 522 458 595 491; x_wconf 78' lang='lat' dir='ltr'><em>Antonio</em></span> <span class='ocrx_word' id='word_1_64' title='bbox 610 460 744 501; x_wconf 78' lang='lat' dir='ltr'><em>eloquentissimo</em></span> 
     </span>
     <span class='ocr_line' id='line_1_8' title="bbox 95 509 745 555; baseline 0.008 -15"><span class='ocrx_word' id='word_1_65' title='bbox 95 510 136 548; x_wconf 85' lang='lat' dir='ltr'><em>uiro,</em></span> <span class='ocrx_word' id='word_1_66' title='bbox 146 509 165 542; x_wconf 86' lang='lat' dir='ltr'><em>L.</em></span> <span class='ocrx_word' id='word_1_67' title='bbox 172 516 187 543; x_wconf 87' lang='lat' dir='ltr'><em>et</em></span> <span class='ocrx_word' id='word_1_68' title='bbox 198 510 217 542; x_wconf 83' lang='lat' dir='ltr'><em>G.</em></span> <span class='ocrx_word' id='word_1_69' title='bbox 225 511 297 549; x_wconf 79' lang='lat' dir='ltr'><em>Cessare,</em></span> <span class='ocrx_word' id='word_1_70' title='bbox 307 522 376 553; x_wconf 79' lang='lat' dir='ltr'><em>quorum</em></span> <span class='ocrx_word' id='word_1_71' title='bbox 384 513 441 554; x_wconf 87' lang='lat' dir='ltr'><em>capita</em></span> <span class='ocrx_word' id='word_1_72' title='bbox 449 513 467 544; x_wconf 90' lang='lat' dir='ltr'><em>in</em></span> <span class='ocrx_word' id='word_1_73' title='bbox 475 511 543 543; x_wconf 79' lang='lat' dir='ltr'><em>Rostris</em></span> <span class='ocrx_word' id='word_1_74' title='bbox 548 513 604 555; x_wconf 87' lang='lat' dir='ltr'><em>posita</em></span> <span class='ocrx_word' id='word_1_75' title='bbox 612 519 656 545; x_wconf 86' lang='lat' dir='ltr'><em>sunt.</em></span> <span class='ocrx_word' id='word_1_76' title='bbox 671 513 745 546; x_wconf 82' lang='lat' dir='ltr'><em>Crassus</em></span> 
     </span>
     <span class='ocr_line' id='line_1_9' title="bbox 96 563 743 609; baseline 0.006 -15"><span class='ocrx_word' id='word_1_77' title='bbox 96 563 146 604; x_wconf 85' lang='lat' dir='ltr'><em>filius</em></span> <span class='ocrx_word' id='word_1_78' title='bbox 154 563 174 594; x_wconf 93' lang='lat' dir='ltr'><em>ab</em></span> <span class='ocrx_word' id='word_1_79' title='bbox 183 564 268 606; x_wconf 88' lang='lat' dir='ltr'><em>equitibus</em></span> <span class='ocrx_word' id='word_1_80' title='bbox 280 564 359 597; x_wconf 84' lang='lat' dir='ltr'><em>Fimbriae</em></span> <span class='ocrx_word' id='word_1_81' title='bbox 368 566 445 596; x_wconf 84' lang='lat' dir='ltr'><em>occisus:</em></span> <span class='ocrx_word' id='word_1_82' title='bbox 456 570 506 607; x_wconf 85' lang='lat' dir='ltr'><em>pater</em></span> <span class='ocrx_word' id='word_1_83' title='bbox 515 564 594 602; x_wconf 77' lang='lat' dir='ltr'><em>Crassus,</em></span> <span class='ocrx_word' id='word_1_84' title='bbox 603 577 623 597; x_wconf 88' lang='lat' dir='ltr'><em>ne</em></span> <span class='ocrx_word' id='word_1_85' title='bbox 632 566 674 607; x_wconf 81' lang='lat' dir='ltr'><em>quid</em></span> <span class='ocrx_word' id='word_1_86' title='bbox 686 567 743 609; x_wconf 76' lang='lat' dir='ltr'><em>indig-</em></span> 
     </span>
     <span class='ocr_line' id='line_1_10' title="bbox 94 618 743 660; baseline 0.005 -12"><span class='ocrx_word' id='word_1_87' title='bbox 94 627 134 648; x_wconf 87' lang='lat' dir='ltr'><em>num</em></span> <span class='ocrx_word' id='word_1_88' title='bbox 142 618 204 649; x_wconf 84' lang='lat' dir='ltr'><em>virtute</em></span> <span class='ocrx_word' id='word_1_89' title='bbox 213 628 244 649; x_wconf 80' lang='lat' dir='ltr'><em>suo</em></span> <span class='ocrx_word' id='word_1_90' title='bbox 252 622 343 660; x_wconf 85' lang='lat' dir='ltr'><em>pateretur,</em></span> <span class='ocrx_word' id='word_1_91' title='bbox 352 618 410 660; x_wconf 81' lang='lat' dir='ltr'><em>gladio</em></span> <span class='ocrx_word' id='word_1_92' title='bbox 419 629 435 649; x_wconf 88' lang='lat' dir='ltr'><em>se</em></span> <span class='ocrx_word' id='word_1_93' title='bbox 445 619 538 659; x_wconf 72' lang='lat' dir='ltr'><em>transfixit.</em></span> <span class='ocrx_word' id='word_1_94' title='bbox 562 618 588 650; x_wconf 78' lang='lat' dir='ltr'><em>Et</em></span> <span class='ocrx_word' id='word_1_95' title='bbox 597 621 640 651; x_wconf 89' lang='lat' dir='ltr'><em>eitra</em></span> <span class='ocrx_word' id='word_1_96' title='bbox 648 620 685 651; x_wconf 88' lang='lat' dir='ltr'><em>ulla</em></span> <span class='ocrx_word' id='word_1_97' title='bbox 694 621 743 651; x_wconf 80' lang='lat' dir='ltr'><em>eomi-</em></span> 
     </span>
     <span class='ocr_line' id='line_1_11' title="bbox 94 671 743 715; baseline 0.005 -14"><span class='ocrx_word' id='word_1_98' title='bbox 94 671 118 701; x_wconf 92' lang='lat' dir='ltr'><em>tia</em></span> <span class='ocrx_word' id='word_1_99' title='bbox 127 671 203 702; x_wconf 79' lang='lat' dir='ltr'><em>consules</em></span> <span class='ocrx_word' id='word_1_100' title='bbox 211 672 229 702; x_wconf 91' lang='lat' dir='ltr'><em>in</em></span> <span class='ocrx_word' id='word_1_101' title='bbox 237 677 332 713; x_wconf 72' lang='lat' dir='ltr'><em>sequentem</em></span> <span class='ocrx_word' id='word_1_102' title='bbox 341 682 402 702; x_wconf 91' lang='lat' dir='ltr'><em>annum</em></span> <span class='ocrx_word' id='word_1_103' title='bbox 411 682 427 702; x_wconf 91' lang='lat' dir='ltr'><em>se</em></span> <span class='ocrx_word' id='word_1_104' title='bbox 439 673 484 713; x_wconf 88' lang='lat' dir='ltr'><em>ipsos</em></span> <span class='ocrx_word' id='word_1_105' title='bbox 493 673 643 703; x_wconf 84' lang='lat' dir='ltr'><em>renuntiaverunt:</em></span> <span class='ocrx_word' id='word_1_106' title='bbox 655 672 743 715; x_wconf 78' lang='lat' dir='ltr'><em>eodemque</em></span> 
     </span>
     <span class='ocr_line' id='line_1_12' title="bbox 94 722 743 766; baseline 0.005 -12"><span class='ocrx_word' id='word_1_107' title='bbox 94 722 126 760; x_wconf 84' lang='lat' dir='ltr'><em>die,</em></span> <span class='ocrx_word' id='word_1_108' title='bbox 135 735 166 765; x_wconf 85' lang='lat' dir='ltr'><em>quo</em></span> <span class='ocrx_word' id='word_1_109' title='bbox 174 726 294 766; x_wconf 84' lang='lat' dir='ltr'><em>magistratum</em></span> <span class='ocrx_word' id='word_1_110' title='bbox 303 726 382 761; x_wconf 87' lang='lat' dir='ltr'><em>inierant,</em></span> <span class='ocrx_word' id='word_1_111' title='bbox 391 723 458 755; x_wconf 79' lang='lat' dir='ltr'><em>Marius</em></span> <span class='ocrx_word' id='word_1_112' title='bbox 471 723 511 756; x_wconf 76' lang='lat' dir='ltr'><em>Ser.</em></span> <span class='ocrx_word' id='word_1_113' title='bbox 521 723 607 756; x_wconf 85' lang='lat' dir='ltr'><em>Licinium</em></span> <span class='ocrx_word' id='word_1_114' title='bbox 618 731 710 757; x_wconf 82' lang='lat' dir='ltr'><em>senatorem</em></span> <span class='ocrx_word' id='word_1_115' title='bbox 723 726 743 757; x_wconf 89' lang='lat' dir='ltr'><em>de</em></span> 
     </span>
     <span class='ocr_line' id='line_1_13' title="bbox 93 777 742 820; baseline 0.003 -12"><span class='ocrx_word' id='word_1_116' title='bbox 93 787 134 808; x_wconf 77' lang='lat' dir='ltr'><em>saro</em></span> <span class='ocrx_word' id='word_1_117' title='bbox 143 777 194 818; x_wconf 78' lang='lat' dir='ltr'><em>dejici</em></span> <span class='ocrx_word' id='word_1_118' title='bbox 198 779 254 819; x_wconf 87' lang='lat' dir='ltr'><em>jussit</em></span> <span class='ocrx_word' id='word_1_119' title='bbox 258 788 265 815; x_wconf 77' lang='lat'><em>,¹</em></span> <span class='ocrx_word' id='word_1_120' title='bbox 279 778 361 820; x_wconf 81' lang='lat' dir='ltr'><em>editisque</em></span> <span class='ocrx_word' id='word_1_121' title='bbox 370 778 429 808; x_wconf 91' lang='lat' dir='ltr'><em>multis</em></span> <span class='ocrx_word' id='word_1_122' title='bbox 437 777 533 814; x_wconf 89' lang='lat' dir='ltr'><em>sceleribus,</em></span> <span class='ocrx_word' id='word_1_123' title='bbox 542 777 604 809; x_wconf 89' lang='lat' dir='ltr'><em>Idibus</em></span> <span class='ocrx_word' id='word_1_124' title='bbox 615 778 707 810; x_wconf 86' lang='lat' dir='ltr'><em>Januariis</em></span> <span class='ocrx_word' id='word_1_125' title='bbox 715 779 742 810; x_wconf 89' lang='lat' dir='ltr'><em>de·</em></span> 
     </span>
     <span class='ocr_line' id='line_1_14' title="bbox 93 829 743 873; baseline 0.005 -12"><span class='ocrx_word' id='word_1_126' title='bbox 93 832 156 862; x_wconf 85' lang='lat' dir='ltr'><em>cessit:</em></span> <span class='ocrx_word' id='word_1_127' title='bbox 168 833 200 869; x_wconf 83' lang='lat' dir='ltr'><em>oir,</em></span> <span class='ocrx_word' id='word_1_128' title='bbox 213 833 262 873; x_wconf 84' lang='lat' dir='ltr'><em>cujus</em></span> <span class='ocrx_word' id='word_1_129' title='bbox 270 832 285 863; x_wconf 84' lang='lat' dir='ltr'><em>si</em></span> <span class='ocrx_word' id='word_1_130' title='bbox 297 833 414 863; x_wconf 74' lang='lat' dir='ltr'><em>examinentur</em></span> <span class='ocrx_word' id='word_1_131' title='bbox 423 841 460 862; x_wconf 92' lang='lat' dir='ltr'><em>cum</em></span> <span class='ocrx_word' id='word_1_132' title='bbox 472 829 567 863; x_wconf 84' lang='lat' dir='ltr'><em>virtutibus</em></span> <span class='ocrx_word' id='word_1_133' title='bbox 574 832 623 869; x_wconf 84' lang='lat' dir='ltr'><em>uitia,</em></span> <span class='ocrx_word' id='word_1_134' title='bbox 632 831 678 863; x_wconf 82' lang='lat' dir='ltr'><em>lraud</em></span> <span class='ocrx_word' id='word_1_135' title='bbox 689 831 743 872; x_wconf 78' lang='lat' dir='ltr'><em>facile</em></span> 
     </span>
     <span class='ocr_line' id='line_1_15' title="bbox 92 883 743 927; baseline 0.005 -13"><span class='ocrx_word' id='word_1_136' title='bbox 92 884 115 914; x_wconf 92' lang='lat' dir='ltr'><em>sit</em></span> <span class='ocrx_word' id='word_1_137' title='bbox 124 883 176 922; x_wconf 87' lang='lat' dir='ltr'><em>dictu,</em></span> <span class='ocrx_word' id='word_1_138' title='bbox 183 890 238 916; x_wconf 89' lang='lat' dir='ltr'><em>utrum</em></span> <span class='ocrx_word' id='word_1_139' title='bbox 247 884 287 916; x_wconf 91' lang='lat' dir='ltr'><em>bello</em></span> <span class='ocrx_word' id='word_1_140' title='bbox 296 885 360 922; x_wconf 87' lang='lat' dir='ltr'><em>melior,</em></span> <span class='ocrx_word' id='word_1_141' title='bbox 367 896 388 916; x_wconf 89' lang='lat' dir='ltr'><em>an</em></span> <span class='ocrx_word' id='word_1_142' title='bbox 396 895 437 926; x_wconf 88' lang='lat' dir='ltr'><em>pace</em></span> <span class='ocrx_word' id='word_1_143' title='bbox 445 884 626 927; x_wconf 85' lang='lat' dir='ltr'><em>prrniciosiorsuerit:</em></span> <span class='ocrx_word' id='word_1_144' title='bbox 639 885 686 923; x_wconf 84' lang='lat' dir='ltr'><em>adeo,</em></span> <span class='ocrx_word' id='word_1_145' title='bbox 693 896 743 927; x_wconf 82' lang='lat' dir='ltr'><em>quam</em></span> 
     </span>
     <span class='ocr_line' id='line_1_16' title="bbox 92 929 741 980; baseline 0.002 -11"><span class='ocrx_word' id='word_1_146' title='bbox 92 947 127 969; x_wconf 87' lang='lat' dir='ltr'><em>rem</em></span> <span class='ocrx_word' id='word_1_147' title='bbox 138 937 224 979; x_wconf 88' lang='lat' dir='ltr'><em>publicam</em></span> <span class='ocrx_word' id='word_1_148' title='bbox 239 929 315 969; x_wconf 69' lang='lat' dir='ltr'><em>armatus</em></span> <span class='ocrx_word' id='word_1_149' title='bbox 328 939 409 975; x_wconf 81' lang='lat' dir='ltr'><em>seruauit,</em></span> <span class='ocrx_word' id='word_1_150' title='bbox 421 948 457 968; x_wconf 88' lang='lat' dir='ltr'><em>earn</em></span> <span class='ocrx_word' id='word_1_151' title='bbox 471 939 525 979; x_wconf 89' lang='lat' dir='ltr'><em>primo</em></span> <span class='ocrx_word' id='word_1_152' title='bbox 541 943 609 980; x_wconf 81' lang='lat' dir='ltr'><em>togatus</em></span> <span class='ocrx_word' id='word_1_153' title='bbox 623 940 668 970; x_wconf 91' lang='lat' dir='ltr'><em>omni</em></span> <span class='ocrx_word' id='word_1_154' title='bbox 680 949 741 980; x_wconf 81' lang='lat' dir='ltr'><em>genere</em></span> 
     </span>
     <span class='ocr_line' id='line_1_17' title="bbox 92 989 633 1033; baseline -0.002 -11"><span class='ocrx_word' id='word_1_155' title='bbox 92 989 169 1031; x_wconf 79' lang='lat' dir='ltr'><em>fraudis,</em></span> <span class='ocrx_word' id='word_1_156' title='bbox 177 996 259 1033; x_wconf 87' lang='lat' dir='ltr'><em>postremo</em></span> <span class='ocrx_word' id='word_1_157' title='bbox 268 992 320 1022; x_wconf 90' lang='lat' dir='ltr'><em>armis</em></span> <span class='ocrx_word' id='word_1_158' title='bbox 328 991 411 1022; x_wconf 79' lang='lat' dir='ltr'><em>hostiliter</em></span> <span class='ocrx_word' id='word_1_159' title='bbox 419 992 483 1022; x_wconf 80' lang='lat' dir='ltr'><em>euertit.</em></span> <span class='ocrx_word' id='word_1_160' title='bbox 507 990 542 1022; x_wconf 83' lang='lat' dir='ltr'><em>Liv.</em></span> <span class='ocrx_word' id='word_1_161' title='bbox 552 990 599 1033; x_wconf 82' lang='lat' dir='ltr'><em>Eplt.</em></span> <span class='ocrx_word' id='word_1_162' title='bbox 608 991 633 1023; x_wconf 80' lang='lat'><em>80.</em></span> 
     </span>
    </p>

    <p class='ocr_par' dir='ltr' id='par_1_4' title="bbox 85 1043 742 2355">
     <span class='ocr_line' id='line_1_18' title="bbox 115 1043 741 1084; baseline 0.005 -11"><span class='ocrx_word' id='word_1_163' title='bbox 115 1044 153 1074; x_wconf 75' lang='lat'><em>33.</em></span> <span class='ocrx_word' id='word_1_164' title='bbox 166 1044 298 1074; x_wconf 69' lang='lat' dir='ltr'><em>nominatione</em></span> <span class='ocrx_word' id='word_1_165' title='bbox 313 1045 390 1074; x_wconf 75' lang='lat' dir='ltr'><em>aivIum.</em></span> <span class='ocrx_word' id='word_1_166' title='bbox 425 1044 470 1084; x_wconf 63' lang='lat' dir='ltr'><em>[ua.</em></span> <span class='ocrx_word' id='word_1_167' title='bbox 480 1043 546 1084; x_wconf 62' lang='lat'>0672]</span> <span class='ocrx_word' id='word_1_168' title='bbox 577 1043 628 1075; x_wconf 86' lang='lat' dir='ltr'><em>Sulla</em></span> <span class='ocrx_word' id='word_1_169' title='bbox 644 1043 741 1082; x_wconf 83' lang='lat' dir='ltr'><em>Carbonem,</em></span> 
     </span>
     <span class='ocr_line' id='line_1_19' title="bbox 92 1096 741 1139; baseline 0.002 -11"><span class='ocrx_word' id='word_1_170' title='bbox 92 1098 167 1128; x_wconf 69' lang='lat' dir='ltr'><em>exercitu</em></span> <span class='ocrx_word' id='word_1_171' title='bbox 176 1097 213 1138; x_wconf 82' lang='lat' dir='ltr'><em>ejus</em></span> <span class='ocrx_word' id='word_1_172' title='bbox 222 1096 264 1136; x_wconf 85' lang='lat' dir='ltr'><em>suso</em></span> <span class='ocrx_word' id='word_1_173' title='bbox 273 1096 296 1127; x_wconf 89' lang='lat' dir='ltr'><em>ad</em></span> <span class='ocrx_word' id='word_1_174' title='bbox 309 1096 393 1134; x_wconf 81' lang='lat' dir='ltr'><em>Clusium,</em></span> <span class='ocrx_word' id='word_1_175' title='bbox 406 1096 428 1128; x_wconf 92' lang='lat' dir='ltr'><em>ad</em></span> <span class='ocrx_word' id='word_1_176' title='bbox 440 1096 540 1128; x_wconf 84' lang='lat' dir='ltr'><em>Faventiam</em></span> <span class='ocrx_word' id='word_1_177' title='bbox 552 1096 682 1139; x_wconf 77' lang='lat' dir='ltr'><em>Fidentiamque</em></span> <span class='ocrx_word' id='word_1_178' title='bbox 694 1108 741 1136; x_wconf 81' lang='lat' dir='ltr'><em>raso,</em></span> 
     </span>
     <span class='ocr_line' id='line_1_20' title="bbox 93 1148 742 1192; baseline 0.002 -11"><span class='ocrx_word' id='word_1_179' title='bbox 93 1149 145 1182; x_wconf 85' lang='lat' dir='ltr'><em>Italia</em></span> <span class='ocrx_word' id='word_1_180' title='bbox 154 1149 232 1191; x_wconf 69' lang='lat' dir='ltr'><em>expulit:</em></span> <span class='ocrx_word' id='word_1_181' title='bbox 245 1160 282 1181; x_wconf 89' lang='lat' dir='ltr'><em>cum</em></span> <span class='ocrx_word' id='word_1_182' title='bbox 291 1148 403 1187; x_wconf 85' lang='lat' dir='ltr'><em>Samnitibus,</em></span> <span class='ocrx_word' id='word_1_183' title='bbox 412 1150 440 1191; x_wconf 83' lang='lat' dir='ltr'><em>qui</em></span> <span class='ocrx_word' id='word_1_184' title='bbox 448 1150 480 1181; x_wconf 88' lang='lat' dir='ltr'><em>soli</em></span> <span class='ocrx_word' id='word_1_185' title='bbox 488 1161 508 1181; x_wconf 78' lang='lat' dir='ltr'><em>er</em></span> <span class='ocrx_word' id='word_1_186' title='bbox 518 1149 586 1181; x_wconf 87' lang='lat' dir='ltr'><em>Italicis</em></span> <span class='ocrx_word' id='word_1_187' title='bbox 592 1149 660 1192; x_wconf 88' lang='lat' dir='ltr'><em>populis</em></span> <span class='ocrx_word' id='word_1_188' title='bbox 668 1150 742 1182; x_wconf 84' lang='lat' dir='ltr'><em>nondum</em></span> 
     </span>
     <span class='ocr_line' id='line_1_21' title="bbox 92 1201 741 1244; baseline 0.003 -11"><span class='ocrx_word' id='word_1_189' title='bbox 92 1213 138 1234; x_wconf 85' lang='lat' dir='ltr'><em>arma</em></span> <span class='ocrx_word' id='word_1_190' title='bbox 148 1207 246 1244; x_wconf 76' lang='lat' dir='ltr'><em>posuerant,</em></span> <span class='ocrx_word' id='word_1_191' title='bbox 254 1203 309 1243; x_wconf 75' lang='lat' dir='ltr'><em>juxta</em></span> <span class='ocrx_word' id='word_1_192' title='bbox 317 1201 374 1233; x_wconf 85' lang='lat' dir='ltr'><em>arbem</em></span> <span class='ocrx_word' id='word_1_193' title='bbox 387 1202 479 1233; x_wconf 80' lang='lat' dir='ltr'><em>Romanam</em></span> <span class='ocrx_word' id='word_1_194' title='bbox 487 1207 526 1233; x_wconf 88' lang='lat' dir='ltr'><em>ante</em></span> <span class='ocrx_word' id='word_1_195' title='bbox 538 1207 603 1243; x_wconf 86' lang='lat' dir='ltr'><em>portam</em></span> <span class='ocrx_word' id='word_1_196' title='bbox 621 1202 704 1235; x_wconf 81' lang='lat' dir='ltr'><em>Collinam</em></span> <span class='ocrx_word' id='word_1_197' title='bbox 713 1203 741 1235; x_wconf 86' lang='lat' dir='ltr'><em>de-</em></span> 
     </span>
     <span class='ocr_line' id='line_1_22' title="bbox 92 1253 740 1297; baseline 0.002 -11"><span class='ocrx_word' id='word_1_198' title='bbox 92 1254 173 1286; x_wconf 85' lang='lat' dir='ltr'><em>bellavit:</em></span> <span class='ocrx_word' id='word_1_199' title='bbox 184 1259 316 1296; x_wconf 82' lang='lat' dir='ltr'><em>recuperataque</em></span> <span class='ocrx_word' id='word_1_200' title='bbox 324 1265 341 1286; x_wconf 86' lang='lat' dir='ltr'><em>re</em></span> <span class='ocrx_word' id='word_1_201' title='bbox 356 1253 432 1297; x_wconf 88' lang='lat' dir='ltr'><em>publiea,</em></span> <span class='ocrx_word' id='word_1_202' title='bbox 443 1254 575 1297; x_wconf 73' lang='lat' dir='ltr'><em>pulcherrimam</em></span> <span class='ocrx_word' id='word_1_203' title='bbox 586 1257 673 1286; x_wconf 80' lang='lat' dir='ltr'><em>victoriam</em></span> <span class='ocrx_word' id='word_1_204' title='bbox 681 1256 740 1287; x_wconf 92' lang='lat' dir='ltr'><em>crude-</em></span> 
     </span>
     <span class='ocr_line' id='line_1_23' title="bbox 91 1307 740 1350; baseline 0.002 -10"><span class='ocrx_word' id='word_1_205' title='bbox 91 1308 144 1345; x_wconf 79' lang='lat' dir='ltr'><em>litate,</em></span> <span class='ocrx_word' id='word_1_206' title='bbox 153 1313 217 1350; x_wconf 88' lang='lat' dir='ltr'><em>quanta</em></span> <span class='ocrx_word' id='word_1_207' title='bbox 225 1309 243 1339; x_wconf 89' lang='lat' dir='ltr'><em>in</em></span> <span class='ocrx_word' id='word_1_208' title='bbox 251 1308 297 1340; x_wconf 92' lang='lat' dir='ltr'><em>nullo</em></span> <span class='ocrx_word' id='word_1_209' title='bbox 307 1308 391 1339; x_wconf 86' lang='lat' dir='ltr'><em>bominum</em></span> <span class='ocrx_word' id='word_1_210' title='bbox 399 1307 444 1348; x_wconf 81' lang='lat' dir='ltr'><em>suit,</em></span> <span class='ocrx_word' id='word_1_211' title='bbox 457 1308 557 1349; x_wconf 81' lang='lat' dir='ltr'><em>inqrcinaoit.</em></span> <span class='ocrx_word' id='word_1_212' title='bbox 581 1307 622 1339; x_wconf 84' lang='lat' dir='ltr'><em>Oeta</em></span> <span class='ocrx_word' id='word_1_213' title='bbox 631 1309 685 1340; x_wconf 90' lang='lat' dir='ltr'><em>millia</em></span> <span class='ocrx_word' id='word_1_214' title='bbox 694 1309 740 1341; x_wconf 89' lang='lat' dir='ltr'><em>dedi-</em></span> 
     </span>
     <span class='ocr_line' id='line_1_24' title="bbox 91 1360 740 1403; baseline 0.002 -11"><span class='ocrx_word' id='word_1_215' title='bbox 91 1366 145 1392; x_wconf 88' lang='lat' dir='ltr'><em>toruru</em></span> <span class='ocrx_word' id='word_1_216' title='bbox 153 1362 171 1391; x_wconf 87' lang='lat' dir='ltr'><em>in</em></span> <span class='ocrx_word' id='word_1_217' title='bbox 180 1361 221 1392; x_wconf 85' lang='lat' dir='ltr'><em>oilla</em></span> <span class='ocrx_word' id='word_1_218' title='bbox 229 1360 296 1403; x_wconf 87' lang='lat' dir='ltr'><em>publica</em></span> <span class='ocrx_word' id='word_1_219' title='bbox 305 1361 409 1392; x_wconf 81' lang='lat' dir='ltr'><em>trucidavit:</em></span> <span class='ocrx_word' id='word_1_220' title='bbox 423 1360 497 1391; x_wconf 89' lang='lat' dir='ltr'><em>tabulam</em></span> <span class='ocrx_word' id='word_1_221' title='bbox 507 1362 635 1403; x_wconf 85' lang='lat' dir='ltr'><em>proscriptionis</em></span> <span class='ocrx_word' id='word_1_222' title='bbox 641 1364 740 1403; x_wconf 83' lang='lat' dir='ltr'><em>proposuit:</em></span> 
     </span>
     <span class='ocr_line' id='line_1_25' title="bbox 91 1412 740 1455; baseline 0.003 -11"><span class='ocrx_word' id='word_1_223' title='bbox 91 1412 147 1445; x_wconf 88' lang='lat' dir='ltr'><em>urbem</em></span> <span class='ocrx_word' id='word_1_224' title='bbox 155 1424 175 1444; x_wconf 88' lang='lat' dir='ltr'><em>ao</em></span> <span class='ocrx_word' id='word_1_225' title='bbox 184 1418 235 1445; x_wconf 88' lang='lat' dir='ltr'><em>totam</em></span> <span class='ocrx_word' id='word_1_226' title='bbox 244 1413 315 1444; x_wconf 89' lang='lat' dir='ltr'><em>Italiam</em></span> <span class='ocrx_word' id='word_1_227' title='bbox 321 1413 395 1445; x_wconf 78' lang='lat' dir='ltr'><em>uadibus</em></span> <span class='ocrx_word' id='word_1_228' title='bbox 403 1413 486 1455; x_wconf 83' lang='lat' dir='ltr'><em>repleuit:</em></span> <span class='ocrx_word' id='word_1_229' title='bbox 500 1415 543 1444; x_wconf 84' lang='lat' dir='ltr'><em>inter</em></span> <span class='ocrx_word' id='word_1_230' title='bbox 549 1424 591 1455; x_wconf 86' lang='lat' dir='ltr'><em>quas</em></span> <span class='ocrx_word' id='word_1_231' title='bbox 599 1425 654 1445; x_wconf 88' lang='lat' dir='ltr'><em>omnes</em></span> <span class='ocrx_word' id='word_1_232' title='bbox 661 1414 740 1446; x_wconf 81' lang='lat' dir='ltr'><em>Praenes·</em></span> 
     </span>
     <span class='ocr_line' id='line_1_26' title="bbox 91 1466 740 1508; baseline 0.002 -10"><span class='ocrx_word' id='word_1_233' title='bbox 91 1468 135 1499; x_wconf 92' lang='lat' dir='ltr'><em>tinos</em></span> <span class='ocrx_word' id='word_1_234' title='bbox 143 1468 214 1498; x_wconf 88' lang='lat' dir='ltr'><em>inermes</em></span> <span class='ocrx_word' id='word_1_235' title='bbox 222 1466 289 1498; x_wconf 89' lang='lat' dir='ltr'><em>concidi</em></span> <span class='ocrx_word' id='word_1_236' title='bbox 296 1468 363 1508; x_wconf 84' lang='lat' dir='ltr'><em>jussit:</em></span> <span class='ocrx_word' id='word_1_237' title='bbox 376 1466 455 1503; x_wconf 84' lang='lat' dir='ltr'><em>Marium,</em></span> <span class='ocrx_word' id='word_1_238' title='bbox 464 1467 545 1497; x_wconf 82' lang='lat' dir='ltr'><em>senatorii</em></span> <span class='ocrx_word' id='word_1_239' title='bbox 556 1466 621 1497; x_wconf 80' lang='lat' dir='ltr'><em>ordinis</em></span> <span class='ocrx_word' id='word_1_240' title='bbox 633 1468 692 1504; x_wconf 84' lang='lat' dir='ltr'><em>virum,</em></span> <span class='ocrx_word' id='word_1_241' title='bbox 702 1479 740 1499; x_wconf 89' lang='lat' dir='ltr'><em>cru-</em></span> 
     </span>
     <span class='ocr_line' id='line_1_27' title="bbox 89 1519 739 1561; baseline 0.002 -10"><span class='ocrx_word' id='word_1_242' title='bbox 89 1520 136 1552; x_wconf 86' lang='lat' dir='ltr'><em>ribus</em></span> <span class='ocrx_word' id='word_1_243' title='bbox 145 1519 249 1561; x_wconf 78' lang='lat' dir='ltr'><em>bracltiispue</em></span> <span class='ocrx_word' id='word_1_244' title='bbox 260 1519 330 1560; x_wconf 78' lang='lat' dir='ltr'><em>fractis,</em></span> <span class='ocrx_word' id='word_1_245' title='bbox 339 1519 408 1551; x_wconf 89' lang='lat' dir='ltr'><em>auribus</em></span> <span class='ocrx_word' id='word_1_246' title='bbox 421 1521 514 1561; x_wconf 79' lang='lat' dir='ltr'><em>prosectis,</em></span> <span class='ocrx_word' id='word_1_247' title='bbox 523 1524 539 1549; x_wconf 81' lang='lat' dir='ltr'><em>er</em></span> <span class='ocrx_word' id='word_1_248' title='bbox 550 1519 615 1559; x_wconf 86' lang='lat' dir='ltr'><em>effossis</em></span> <span class='ocrx_word' id='word_1_249' title='bbox 623 1520 682 1557; x_wconf 85' lang='lat' dir='ltr'><em>oculis,</em></span> <span class='ocrx_word' id='word_1_250' title='bbox 691 1531 739 1552; x_wconf 83' lang='lat' dir='ltr'><em>neco-</em></span> 
     </span>
     <span class='ocr_line' id='line_1_28' title="bbox 89 1571 739 1612; baseline -0.002 -7"><span class='ocrx_word' id='word_1_251' title='bbox 89 1575 118 1605; x_wconf 85' lang='lat' dir='ltr'><em>oit.</em></span> <span class='ocrx_word' id='word_1_252' title='bbox 143 1571 339 1610; x_wconf 75' lang='lat' dir='ltr'><em>G.blarius,Prmneste</em></span> <span class='ocrx_word' id='word_1_253' title='bbox 351 1572 447 1604; x_wconf 84' lang='lat' dir='ltr'><em>obsessusa</em></span> <span class='ocrx_word' id='word_1_254' title='bbox 460 1572 539 1603; x_wconf 85' lang='lat' dir='ltr'><em>Lucretio</em></span> <span class='ocrx_word' id='word_1_255' title='bbox 555 1571 617 1612; x_wconf 85' lang='lat' dir='ltr'><em>Ofella,</em></span> <span class='ocrx_word' id='word_1_256' title='bbox 627 1572 739 1605; x_wconf 81' lang='lat' dir='ltr'><em>Sullanarum</em></span> 
     </span>
     <span class='ocr_line' id='line_1_29' title="bbox 87 1624 737 1669; baseline 0 -12"><span class='ocrx_word' id='word_1_257' title='bbox 87 1627 163 1669; x_wconf 86' lang='lat' dir='ltr'><em>partium</em></span> <span class='ocrx_word' id='word_1_258' title='bbox 171 1627 212 1663; x_wconf 84' lang='lat' dir='ltr'><em>viro,</em></span> <span class='ocrx_word' id='word_1_259' title='bbox 221 1636 272 1667; x_wconf 76' lang='lat' dir='ltr'><em>quum</em></span> <span class='ocrx_word' id='word_1_260' title='bbox 284 1636 314 1668; x_wconf 86' lang='lat' dir='ltr'><em>per</em></span> <span class='ocrx_word' id='word_1_261' title='bbox 328 1626 424 1657; x_wconf 90' lang='lat' dir='ltr'><em>cuniculum</em></span> <span class='ocrx_word' id='word_1_262' title='bbox 433 1630 508 1667; x_wconf 87' lang='lat' dir='ltr'><em>captaret</em></span> <span class='ocrx_word' id='word_1_263' title='bbox 521 1625 596 1661; x_wconf 80' lang='lat' dir='ltr'><em>evadere,</em></span> <span class='ocrx_word' id='word_1_264' title='bbox 604 1630 669 1666; x_wconf 76' lang='lat' dir='ltr'><em>sceptus</em></span> <span class='ocrx_word' id='word_1_265' title='bbox 680 1624 700 1656; x_wconf 90' lang='lat' dir='ltr'><em>ab</em></span> <span class='ocrx_word' id='word_1_266' title='bbox 709 1637 737 1657; x_wconf 81' lang='lat' dir='ltr'><em>er·</em></span> 
     </span>
     <span class='ocr_line' id='line_1_30' title="bbox 89 1677 738 1719; baseline 0 -9"><span class='ocrx_word' id='word_1_267' title='bbox 89 1680 149 1716; x_wconf 86' lang='lat' dir='ltr'><em>ercitu,</em></span> <span class='ocrx_word' id='word_1_268' title='bbox 157 1683 225 1710; x_wconf 89' lang='lat' dir='ltr'><em>mortem</em></span> <span class='ocrx_word' id='word_1_269' title='bbox 233 1678 265 1709; x_wconf 91' lang='lat' dir='ltr'><em>sibi</em></span> <span class='ocrx_word' id='word_1_270' title='bbox 277 1679 364 1715; x_wconf 81' lang='lat' dir='ltr'><em>conscivit,</em></span> <span class='ocrx_word' id='word_1_271' title='bbox 372 1677 390 1708; x_wconf 86' lang='lat' dir='ltr'><em>id</em></span> <span class='ocrx_word' id='word_1_272' title='bbox 399 1683 429 1715; x_wconf 88' lang='lat' dir='ltr'><em>est,</em></span> <span class='ocrx_word' id='word_1_273' title='bbox 438 1680 455 1709; x_wconf 88' lang='lat' dir='ltr'><em>in</em></span> <span class='ocrx_word' id='word_1_274' title='bbox 468 1679 503 1719; x_wconf 87' lang='lat' dir='ltr'><em>ipso</em></span> <span class='ocrx_word' id='word_1_275' title='bbox 512 1678 596 1714; x_wconf 86' lang='lat' dir='ltr'><em>cuniculo,</em></span> <span class='ocrx_word' id='word_1_276' title='bbox 605 1688 655 1719; x_wconf 78' lang='lat' dir='ltr'><em>quum</em></span> <span class='ocrx_word' id='word_1_277' title='bbox 667 1680 738 1710; x_wconf 85' lang='lat' dir='ltr'><em>sentiret</em></span> 
     </span>
     <span class='ocr_line' id='line_1_31' title="bbox 88 1730 737 1773; baseline 0 -10"><span class='ocrx_word' id='word_1_278' title='bbox 88 1742 105 1763; x_wconf 96' lang='lat' dir='ltr'><em>se</em></span> <span class='ocrx_word' id='word_1_279' title='bbox 120 1730 189 1763; x_wconf 84' lang='lat' dir='ltr'><em>euadere</em></span> <span class='ocrx_word' id='word_1_280' title='bbox 203 1741 234 1762; x_wconf 91' lang='lat' dir='ltr'><em>non</em></span> <span class='ocrx_word' id='word_1_281' title='bbox 248 1741 301 1773; x_wconf 90' lang='lat' dir='ltr'><em>posse,</em></span> <span class='ocrx_word' id='word_1_282' title='bbox 317 1741 354 1762; x_wconf 87' lang='lat' dir='ltr'><em>curn</em></span> <span class='ocrx_word' id='word_1_283' title='bbox 368 1730 430 1762; x_wconf 91' lang='lat' dir='ltr'><em>Pontio</em></span> <span class='ocrx_word' id='word_1_284' title='bbox 441 1730 523 1767; x_wconf 85' lang='lat' dir='ltr'><em>Telesino,</em></span> <span class='ocrx_word' id='word_1_285' title='bbox 533 1730 584 1772; x_wconf 83' lang='lat' dir='ltr'><em>fuga</em></span> <span class='ocrx_word' id='word_1_286' title='bbox 599 1731 663 1768; x_wconf 84' lang='lat' dir='ltr'><em>comite,</em></span> <span class='ocrx_word' id='word_1_287' title='bbox 678 1733 737 1763; x_wconf 89' lang='lat' dir='ltr'><em>stricto</em></span> 
     </span>
     <span class='ocr_line' id='line_1_32' title="bbox 88 1783 736 1826; baseline 0 -11"><span class='ocrx_word' id='word_1_288' title='bbox 88 1785 172 1825; x_wconf 80' lang='lat' dir='ltr'><em>utrimque</em></span> <span class='ocrx_word' id='word_1_289' title='bbox 180 1783 245 1826; x_wconf 83' lang='lat' dir='ltr'><em>gladio,</em></span> <span class='ocrx_word' id='word_1_290' title='bbox 253 1785 350 1815; x_wconf 85' lang='lat' dir='ltr'><em>concurrit:</em></span> <span class='ocrx_word' id='word_1_291' title='bbox 363 1794 411 1825; x_wconf 78' lang='lat' dir='ltr'><em>quem</em></span> <span class='ocrx_word' id='word_1_292' title='bbox 423 1794 473 1825; x_wconf 83' lang='lat' dir='ltr'><em>quum</em></span> <span class='ocrx_word' id='word_1_293' title='bbox 482 1783 575 1820; x_wconf 87' lang='lat' dir='ltr'><em>occidisset,</em></span> <span class='ocrx_word' id='word_1_294' title='bbox 585 1783 619 1824; x_wconf 86' lang='lat' dir='ltr'><em>ipse</em></span> <span class='ocrx_word' id='word_1_295' title='bbox 628 1785 697 1815; x_wconf 87' lang='lat' dir='ltr'><em>saucius</em></span> <span class='ocrx_word' id='word_1_296' title='bbox 705 1786 736 1815; x_wconf 89' lang='lat' dir='ltr'><em>im-</em></span> 
     </span>
     <span class='ocr_line' id='line_1_33' title="bbox 86 1835 736 1881; baseline 0.002 -13"><span class='ocrx_word' id='word_1_297' title='bbox 86 1838 161 1881; x_wconf 82' lang='lat' dir='ltr'><em>petrauit</em></span> <span class='ocrx_word' id='word_1_298' title='bbox 170 1847 180 1868; x_wconf 92' lang='lat' dir='ltr'><em>a</em></span> <span class='ocrx_word' id='word_1_299' title='bbox 189 1847 241 1875; x_wconf 84' lang='lat' dir='ltr'><em>seruo,</em></span> <span class='ocrx_word' id='word_1_300' title='bbox 250 1841 269 1867; x_wconf 89' lang='lat' dir='ltr'><em>ut</em></span> <span class='ocrx_word' id='word_1_301' title='bbox 281 1848 297 1868; x_wconf 87' lang='lat' dir='ltr'><em>se</em></span> <span class='ocrx_word' id='word_1_302' title='bbox 310 1836 397 1869; x_wconf 83' lang='lat' dir='ltr'><em>occideret.</em></span> <span class='ocrx_word' id='word_1_303' title='bbox 420 1836 456 1869; x_wconf 83' lang='lat' dir='ltr'><em>Liv.</em></span> <span class='ocrx_word' id='word_1_304' title='bbox 465 1836 513 1878; x_wconf 82' lang='lat' dir='ltr'><em>Epit.</em></span> <span class='ocrx_word' id='word_1_305' title='bbox 522 1836 548 1868; x_wconf 77' lang='lat'><em>88.</em></span> <span class='ocrx_word' id='word_1_306' title='bbox 571 1835 634 1873; x_wconf 85' lang='lat' dir='ltr'><em>Florus,</em></span> <span class='ocrx_word' id='word_1_307' title='bbox 643 1836 659 1874; x_wconf 82' lang='lat'><em>3,</em></span> <span class='ocrx_word' id='word_1_308' title='bbox 668 1836 696 1873; x_wconf 75' lang='lat'><em>21,</em></span> <span class='ocrx_word' id='word_1_309' title='bbox 704 1837 736 1869; x_wconf 73' lang='lat'><em>24:</em></span> 
     </span>
     <span class='ocr_line' id='line_1_34' title="bbox 88 1888 737 1932; baseline 0 -11"><span class='ocrx_word' id='word_1_310' title='bbox 88 1890 146 1922; x_wconf 81' lang='lat' dir='ltr'><em>Minus</em></span> <span class='ocrx_word' id='word_1_311' title='bbox 155 1895 185 1928; x_wconf 83' lang='lat' dir='ltr'><em>est,</em></span> <span class='ocrx_word' id='word_1_312' title='bbox 194 1890 238 1932; x_wconf 83' lang='lat' dir='ltr'><em>qaod</em></span> <span class='ocrx_word' id='word_1_313' title='bbox 246 1890 292 1932; x_wconf 88' lang='lat' dir='ltr'><em>apud</em></span> <span class='ocrx_word' id='word_1_314' title='bbox 301 1890 419 1932; x_wconf 80' lang='lat' dir='ltr'><em>Sacriportum</em></span> <span class='ocrx_word' id='word_1_315' title='bbox 429 1889 479 1930; x_wconf 83' lang='lat' dir='ltr'><em>(Latii</em></span> <span class='ocrx_word' id='word_1_316' title='bbox 487 1890 558 1930; x_wconf 84' lang='lat' dir='ltr'><em>portum)</em></span> <span class='ocrx_word' id='word_1_317' title='bbox 572 1893 588 1920; x_wconf 90' lang='lat' dir='ltr'><em>et</em></span> <span class='ocrx_word' id='word_1_318' title='bbox 596 1888 643 1931; x_wconf 88' lang='lat' dir='ltr'><em>apud</em></span> <span class='ocrx_word' id='word_1_319' title='bbox 653 1889 737 1922; x_wconf 83' lang='lat' dir='ltr'><em>Gallinam</em></span> 
     </span>
     <span class='ocr_line' id='line_1_35' title="bbox 86 1941 736 1986; baseline 0 -12"><span class='ocrx_word' id='word_1_320' title='bbox 86 1948 153 1986; x_wconf 89' lang='lat' dir='ltr'><em>portam</em></span> <span class='ocrx_word' id='word_1_321' title='bbox 168 1944 278 1985; x_wconf 79' lang='lat' dir='ltr'><em>septuaginta</em></span> <span class='ocrx_word' id='word_1_322' title='bbox 294 1943 367 1985; x_wconf 79' lang='lat' dir='ltr'><em>amplius</em></span> <span class='ocrx_word' id='word_1_323' title='bbox 382 1943 429 1974; x_wconf 82' lang='lat' dir='ltr'><em>inilia</em></span> <span class='ocrx_word' id='word_1_324' title='bbox 447 1942 498 1974; x_wconf 87' lang='lat' dir='ltr'><em>Sulla</em></span> <span class='ocrx_word' id='word_1_325' title='bbox 514 1942 599 1978; x_wconf 84' lang='lat' dir='ltr'><em>concidit;</em></span> <span class='ocrx_word' id='word_1_326' title='bbox 618 1941 679 1973; x_wconf 88' lang='lat' dir='ltr'><em>bellum</em></span> <span class='ocrx_word' id='word_1_327' title='bbox 696 1948 736 1974; x_wconf 83' lang='lat' dir='ltr'><em>erat.</em></span> 
     </span>
     <span class='ocr_line' id='line_1_36' title="bbox 90 1995 737 2038; baseline 0 -10"><span class='ocrx_word' id='word_1_328' title='bbox 90 1996 175 2036; x_wconf 76' lang='lat' dir='ltr'><em>Quattuor</em></span> <span class='ocrx_word' id='word_1_329' title='bbox 183 1996 229 2028; x_wconf 89' lang='lat' dir='ltr'><em>milia</em></span> <span class='ocrx_word' id='word_1_330' title='bbox 238 1995 332 2028; x_wconf 86' lang='lat' dir='ltr'><em>deditorum</em></span> <span class='ocrx_word' id='word_1_331' title='bbox 341 1997 429 2028; x_wconf 89' lang='lat' dir='ltr'><em>inermium</em></span> <span class='ocrx_word' id='word_1_332' title='bbox 438 1997 499 2028; x_wconf 81' lang='lat' dir='ltr'><em>ciuium</em></span> <span class='ocrx_word' id='word_1_333' title='bbox 508 1996 576 2027; x_wconf 81' lang='lat' dir='ltr'><em>invilla</em></span> <span class='ocrx_word' id='word_1_334' title='bbox 585 1995 655 2038; x_wconf 86' lang='lat' dir='ltr'><em>publica</em></span> <span class='ocrx_word' id='word_1_335' title='bbox 663 1996 737 2037; x_wconf 84' lang='lat' dir='ltr'><em>interfici</em></span> 
     </span>
     <span class='ocr_line' id='line_1_37' title="bbox 88 2048 735 2092; baseline 0 -12"><span class='ocrx_word' id='word_1_336' title='bbox 88 2048 215 2091; x_wconf 71' lang='lat' dir='ltr'><em>jussit-Quis</em></span> <span class='ocrx_word' id='word_1_337' title='bbox 229 2054 285 2081; x_wconf 89' lang='lat' dir='ltr'><em>autern</em></span> <span class='ocrx_word' id='word_1_338' title='bbox 299 2050 338 2081; x_wconf 87' lang='lat' dir='ltr'><em>illos</em></span> <span class='ocrx_word' id='word_1_339' title='bbox 350 2054 406 2092; x_wconf 87' lang='lat' dir='ltr'><em>potest</em></span> <span class='ocrx_word' id='word_1_340' title='bbox 419 2053 520 2091; x_wconf 89' lang='lat' dir='ltr'><em>computare,</em></span> <span class='ocrx_word' id='word_1_341' title='bbox 533 2059 573 2090; x_wconf 82' lang='lat' dir='ltr'><em>qnos</em></span> <span class='ocrx_word' id='word_1_342' title='bbox 585 2050 603 2081; x_wconf 90' lang='lat' dir='ltr'><em>in</em></span> <span class='ocrx_word' id='word_1_343' title='bbox 615 2048 655 2080; x_wconf 88' lang='lat' dir='ltr'><em>urbe</em></span> <span class='ocrx_word' id='word_1_344' title='bbox 665 2051 735 2091; x_wconf 87' lang='lat' dir='ltr'><em>passim,</em></span> 
     </span>
     <span class='ocr_line' id='line_1_38' title="bbox 87 2102 736 2145; baseline 0 -12"><span class='ocrx_word' id='word_1_345' title='bbox 87 2103 163 2144; x_wconf 81' lang='lat' dir='ltr'><em>quisquis</em></span> <span class='ocrx_word' id='word_1_346' title='bbox 176 2102 236 2140; x_wconf 85' lang='lat' dir='ltr'><em>noluit,</em></span> <span class='ocrx_word' id='word_1_347' title='bbox 244 2103 320 2135; x_wconf 84' lang='lat' dir='ltr'><em>occidit?</em></span> <span class='ocrx_word' id='word_1_348' title='bbox 333 2103 384 2135; x_wconf 84' lang='lat' dir='ltr'><em>donec</em></span> <span class='ocrx_word' id='word_1_349' title='bbox 396 2102 494 2135; x_wconf 85' lang='lat' dir='ltr'><em>admonente</em></span> <span class='ocrx_word' id='word_1_350' title='bbox 506 2102 590 2142; x_wconf 88' lang='lat' dir='ltr'><em>Furfidio,</em></span> <span class='ocrx_word' id='word_1_351' title='bbox 601 2103 657 2134; x_wconf 85' lang='lat' dir='ltr'><em>viuere</em></span> <span class='ocrx_word' id='word_1_352' title='bbox 670 2102 736 2145; x_wconf 74' lang='lat' dir='ltr'><em>aliquos</em></span> 
     </span>
     <span class='ocr_line' id='line_1_39' title="bbox 87 2154 734 2199; baseline 0.002 -14"><span class='ocrx_word' id='word_1_353' title='bbox 87 2154 150 2192; x_wconf 82' lang='lat' dir='ltr'><em>debere,</em></span> <span class='ocrx_word' id='word_1_354' title='bbox 159 2159 178 2185; x_wconf 88' lang='lat' dir='ltr'><em>ut</em></span> <span class='ocrx_word' id='word_1_355' title='bbox 190 2161 244 2187; x_wconf 87' lang='lat' dir='ltr'><em>essent</em></span> <span class='ocrx_word' id='word_1_356' title='bbox 252 2156 315 2198; x_wconf 82' lang='lat' dir='ltr'><em>quibus</em></span> <span class='ocrx_word' id='word_1_357' title='bbox 323 2157 419 2199; x_wconf 83' lang='lat' dir='ltr'><em>imperaret,</em></span> <span class='ocrx_word' id='word_1_358' title='bbox 429 2158 516 2198; x_wconf 80' lang='lat' dir='ltr'><em>proposita</em></span> <span class='ocrx_word' id='word_1_359' title='bbox 525 2160 550 2186; x_wconf 91' lang='lat' dir='ltr'><em>est</em></span> <span class='ocrx_word' id='word_1_360' title='bbox 563 2156 624 2197; x_wconf 83' lang='lat' dir='ltr'><em>ingens</em></span> <span class='ocrx_word' id='word_1_361' title='bbox 632 2155 662 2186; x_wconf 83' lang='lat' dir='ltr'><em>illa</em></span> <span class='ocrx_word' id='word_1_362' title='bbox 671 2154 734 2192; x_wconf 90' lang='lat' dir='ltr'><em>tabula,</em></span> 
     </span>
     <span class='ocr_line' id='line_1_40' title="bbox 87 2208 735 2251; baseline 0 -13"><span class='ocrx_word' id='word_1_363' title='bbox 87 2212 103 2239; x_wconf 89' lang='lat' dir='ltr'><em>et</em></span> <span class='ocrx_word' id='word_1_364' title='bbox 111 2218 132 2238; x_wconf 77' lang='lat' dir='ltr'><em>en</em></span> <span class='ocrx_word' id='word_1_365' title='bbox 140 2209 175 2250; x_wconf 89' lang='lat' dir='ltr'><em>ipso</em></span> <span class='ocrx_word' id='word_1_366' title='bbox 185 2211 267 2250; x_wconf 83' lang='lat' dir='ltr'><em>equestris</em></span> <span class='ocrx_word' id='word_1_367' title='bbox 275 2209 339 2241; x_wconf 85' lang='lat' dir='ltr'><em>ordinis</em></span> <span class='ocrx_word' id='word_1_368' title='bbox 342 2210 386 2251; x_wconf 85' lang='lat' dir='ltr'><em>flore</em></span> <span class='ocrx_word' id='word_1_369' title='bbox 395 2220 414 2241; x_wconf 86' lang='lat' dir='ltr'><em>ac</em></span> <span class='ocrx_word' id='word_1_370' title='bbox 422 2213 493 2241; x_wconf 84' lang='lat' dir='ltr'><em>senatus</em></span> <span class='ocrx_word' id='word_1_371' title='bbox 499 2208 531 2240; x_wconf 85' lang='lat' dir='ltr'><em>duo</em></span> <span class='ocrx_word' id='word_1_372' title='bbox 537 2208 585 2239; x_wconf 83' lang='lat' dir='ltr'><em>milia</em></span> <span class='ocrx_word' id='word_1_373' title='bbox 594 2208 647 2244; x_wconf 87' lang='lat' dir='ltr'><em>electi,</em></span> <span class='ocrx_word' id='word_1_374' title='bbox 656 2209 685 2250; x_wconf 84' lang='lat' dir='ltr'><em>qui</em></span> <span class='ocrx_word' id='word_1_375' title='bbox 693 2209 735 2239; x_wconf 88' lang='lat' dir='ltr'><em>mari</em></span> 
     </span>
     <span class='ocr_line' id='line_1_41' title="bbox 87 2259 734 2305; baseline 0.002 -14"><span class='ocrx_word' id='word_1_376' title='bbox 87 2259 193 2302; x_wconf 86' lang='lat' dir='ltr'><em>juberentur.</em></span> <span class='ocrx_word' id='word_1_377' title='bbox 216 2261 242 2294; x_wconf 86' lang='lat' dir='ltr'><em>cf.</em></span> <span class='ocrx_word' id='word_1_378' title='bbox 252 2262 271 2294; x_wconf 82' lang='lat'><em>0.</em></span> <span class='ocrx_word' id='word_1_379' title='bbox 277 2274 308 2305; x_wconf 88' lang='lat' dir='ltr'><em>pro</em></span> <span class='ocrx_word' id='word_1_380' title='bbox 317 2262 336 2294; x_wconf 80' lang='lat' dir='ltr'><em>S.</em></span> <span class='ocrx_word' id='word_1_381' title='bbox 345 2263 404 2295; x_wconf 86' lang='lat' dir='ltr'><em>Roscio</em></span> <span class='ocrx_word' id='word_1_382' title='bbox 413 2262 451 2294; x_wconf 81' lang='lat' dir='ltr'><em>Am.</em></span> <span class='ocrx_word' id='word_1_383' title='bbox 459 2262 485 2295; x_wconf 74' lang='lat'><em>32,</em></span> <span class='ocrx_word' id='word_1_384' title='bbox 504 2261 524 2292; x_wconf 90' lang='grc' dir='ltr'><em>Ο.</em></span> <span class='ocrx_word' id='word_1_385' title='bbox 548 2259 734 2298; x_wconf 67' lang='grc' dir='ltr'><em>ὃθεὸοὶιωίῑκ,1ἰωηε,</em></span> 
     </span>
     <span class='ocr_line' id='line_1_42' title="bbox 85 2313 186 2355; baseline 0 -10"><span class='ocrx_word' id='word_1_386' title='bbox 85 2313 186 2355; x_wconf 58' lang='lat' dir='ltr'><em>pseusti.</em></span> 
     </span>
    </p>

    <p class='ocr_par' dir='ltr' id='par_1_5' title="bbox 85 2364 733 2568">
     <span class='ocr_line' id='line_1_43' title="bbox 109 2364 733 2408; baseline 0.002 -12"><span class='ocrx_word' id='word_1_387' title='bbox 109 2367 146 2398; x_wconf 74' lang='lat'><em>34.</em></span> <span class='ocrx_word' id='word_1_388' title='bbox 159 2367 255 2398; x_wconf 83' lang='lat' dir='ltr'><em>Dissensit</em></span> <span class='ocrx_word' id='word_1_389' title='bbox 263 2368 291 2399; x_wconf 87' lang='grc' dir='ltr'><em>Μ.</em></span> <span class='ocrx_word' id='word_1_390' title='bbox 300 2370 384 2407; x_wconf 81' lang='lat' dir='ltr'><em>Lepidus</em></span> <span class='ocrx_word' id='word_1_391' title='bbox 393 2377 404 2399; x_wconf 86' lang='lat' dir='ltr'>a</span> <span class='ocrx_word' id='word_1_392' title='bbox 413 2369 441 2403; x_wconf 73' lang='grc'><em>0..</em></span> <span class='ocrx_word' id='word_1_393' title='bbox 450 2366 523 2398; x_wconf 80' lang='lat' dir='ltr'><em>catulo.</em></span> <span class='ocrx_word' id='word_1_394' title='bbox 552 2364 583 2407; x_wconf 82' lang='lat' dir='ltr'><em>[M.</em></span> <span class='ocrx_word' id='word_1_395' title='bbox 591 2364 674 2396; x_wconf 80' lang='lat' dir='ltr'><em>AEmilius</em></span> <span class='ocrx_word' id='word_1_396' title='bbox 682 2364 733 2408; x_wconf 87' lang='lat' dir='ltr'><em>Lepi-</em></span> 
     </span>
     <span class='ocr_line' id='line_1_44' title="bbox 87 2416 733 2459; baseline 0 -9"><span class='ocrx_word' id='word_1_397' title='bbox 87 2418 131 2450; x_wconf 80' lang='lat' dir='ltr'><em>dus:</em></span> <span class='ocrx_word' id='word_1_398' title='bbox 143 2420 195 2459; x_wconf 71' lang='grc' dir='ltr'><em>θρασὺς</em></span> <span class='ocrx_word' id='word_1_399' title='bbox 203 2420 238 2458; x_wconf 79' lang='grc' dir='ltr'>ἀνὴρ</span> <span class='ocrx_word' id='word_1_400' title='bbox 246 2422 270 2449; x_wconf 80' lang='lat' dir='ltr'><em>rai</em></span> <span class='ocrx_word' id='word_1_401' title='bbox 276 2422 344 2459; x_wconf 75' lang='grc' dir='ltr'><em>πολέμιος</em></span> <span class='ocrx_word' id='word_1_402' title='bbox 350 2423 374 2450; x_wconf 76' lang='grc' dir='ltr'><em>καὶ</em></span> <span class='ocrx_word' id='word_1_403' title='bbox 380 2420 519 2458; x_wconf 76' lang='grc' dir='ltr'><em>ἕμπληκτικώτατος,</em></span> <span class='ocrx_word' id='word_1_404' title='bbox 532 2417 573 2449; x_wconf 72' lang='lat' dir='ltr'><em>Plus,</em></span> <span class='ocrx_word' id='word_1_405' title='bbox 583 2416 628 2449; x_wconf 82' lang='lat' dir='ltr'><em>Sull.</em></span> <span class='ocrx_word' id='word_1_406' title='bbox 639 2417 665 2449; x_wconf 76' lang='grc'><em>34.</em></span> <span class='ocrx_word' id='word_1_407' title='bbox 689 2418 733 2450; x_wconf 86' lang='lat' dir='ltr'><em>Cou-</em></span> 
     </span>
     <span class='ocr_line' id='line_1_45' title="bbox 85 2470 733 2513; baseline -0.002 -9"><span class='ocrx_word' id='word_1_408' title='bbox 85 2473 116 2509; x_wconf 82' lang='lat' dir='ltr'><em>sul,</em></span> <span class='ocrx_word' id='word_1_409' title='bbox 124 2484 139 2504; x_wconf 83' lang='lat' dir='ltr'><em>A.</em></span> <span class='ocrx_word' id='word_1_410' title='bbox 147 2483 162 2504; x_wconf 81' lang='lat' dir='ltr'><em>u.</em></span> <span class='ocrx_word' id='word_1_411' title='bbox 171 2481 185 2502; x_wconf 85' lang='lat' dir='ltr'><em>c.</em></span> <span class='ocrx_word' id='word_1_412' title='bbox 195 2471 230 2503; x_wconf 77' lang='lat'>676.</span> <span class='ocrx_word' id='word_1_413' title='bbox 254 2471 280 2512; x_wconf 88' lang='lat'><em>0.]</em></span> <span class='ocrx_word' id='word_1_414' title='bbox 305 2471 355 2503; x_wconf 81' lang='lat' dir='ltr'><em>Sulla</em></span> <span class='ocrx_word' id='word_1_415' title='bbox 368 2471 444 2508; x_wconf 86' lang='lat' dir='ltr'><em>decessit,</em></span> <span class='ocrx_word' id='word_1_416' title='bbox 453 2471 534 2513; x_wconf 80' lang='lat' dir='ltr'><em>bonosque</em></span> <span class='ocrx_word' id='word_1_417' title='bbox 547 2472 562 2502; x_wconf 88' lang='lat' dir='ltr'><em>ei</em></span> <span class='ocrx_word' id='word_1_418' title='bbox 575 2482 584 2501; x_wconf 95' lang='lat' dir='ltr'><em>a</em></span> <span class='ocrx_word' id='word_1_419' title='bbox 593 2475 653 2502; x_wconf 89' lang='lat' dir='ltr'><em>senatu</em></span> <span class='ocrx_word' id='word_1_420' title='bbox 665 2470 733 2503; x_wconf 82' lang='lat' dir='ltr'><em>babitus</em></span> 
     </span>
     <span class='ocr_line' id='line_1_46' title="bbox 86 2522 733 2568; baseline -0.003 -10"><span class='ocrx_word' id='word_1_421' title='bbox 86 2530 117 2564; x_wconf 80' lang='lat' dir='ltr'><em>est,</em></span> <span class='ocrx_word' id='word_1_422' title='bbox 125 2530 145 2558; x_wconf 88' lang='lat' dir='ltr'><em>ut</em></span> <span class='ocrx_word' id='word_1_423' title='bbox 159 2526 177 2556; x_wconf 90' lang='lat' dir='ltr'><em>in</em></span> <span class='ocrx_word' id='word_1_424' title='bbox 191 2534 248 2568; x_wconf 78' lang='lat' dir='ltr'><em>canapo</em></span> <span class='ocrx_word' id='word_1_425' title='bbox 260 2523 323 2557; x_wconf 84' lang='lat' dir='ltr'><em>Martio</em></span> <span class='ocrx_word' id='word_1_426' title='bbox 335 2525 439 2567; x_wconf 86' lang='lat' dir='ltr'><em>sepeliretur.</em></span> <span class='ocrx_word' id='word_1_427' title='bbox 462 2522 486 2555; x_wconf 78' lang='lat' dir='ltr'><em>M.</em></span> <span class='ocrx_word' id='word_1_428' title='bbox 494 2523 578 2556; x_wconf 80' lang='lat' dir='ltr'><em>AEmilius</em></span> <span class='ocrx_word' id='word_1_429' title='bbox 590 2523 673 2566; x_wconf 81' lang='lat' dir='ltr'><em>Lepidus,</em></span> <span class='ocrx_word' id='word_1_430' title='bbox 681 2535 733 2567; x_wconf 81' lang='lat' dir='ltr'><em>quum</em></span> 
     </span>
    </p>
   </div>
   <div class='ocr_carea' id='block_1_4' title="bbox 383 2583 407 2617">
    <p class='ocr_par' dir='ltr' id='par_1_6' title="bbox 383 2583 407 2617">
     <span class='ocr_line' id='line_1_47' title="bbox 383 2583 407 2617; baseline 0 0"><span class='ocrx_word' id='word_1_431' title='bbox 383 2583 407 2617; x_wconf 81' lang='lat'><em>18</em></span> 
     </span>
    </p>
   </div>
   <div class='ocr_carea' id='block_1_5' title="bbox 0 0 874 2673">
    <p class='ocr_par' dir='ltr' id='par_1_7' title="bbox 0 0 874 2673">
     <span class='ocr_line' id='line_1_48' title="bbox 0 0 874 2673; baseline 0 4"><span class='ocrx_word' id='word_1_432' title='bbox 0 0 874 2673; x_wconf 95' lang='lat' dir='ltr'><em> </em></span> 
     </span>
    </p>
   </div>
  </div>
 </body>
</html>
