1738 2673
237 70 261 97 nr
275 69 390 104 carminata,
405 70 450 97 car.
465 72 500 99 vn.
696 66 721 103 43

42 157 170 197 minueretur:
194 156 225 197 hic
245 158 270 197 ad
293 159 397 198 evertenda
415 159 541 198 fundamenta
559 160 586 198 rei
605 160 688 213 publicae

43 212 110 250 Gallos
120 212 205 256 arcessit,
216 212 292 250 seruitia
308 213 396 257 eoncitat,
412 214 513 251 Catilinam
523 219 584 258 vocat,
602 215 689 252 attribuit

41 278 76 303 nos
86 265 210 302 trucidandos
221 265 314 316 Cethego
326 271 400 303 ceteros
410 267 461 304 cives
475 267 615 305 interficiendos
630 268 688 306 Gabi-

40 319 77 363 nio,
88 319 155 357 urbem
165 318 321 357 inflammandam
331 318 403 364 Cassio,
414 325 475 358 totam
490 320 566 358 ltaliam
576 320 688 359 vastandam

41 372 206 423 diripiendamque
223 372 317 411 Catilinae.
351 373 466 418 Vereamini,
483 387 556 419 censeo,
573 387 597 412 ne
615 374 634 412 in
650 376 707 414 hoc5

40 427 112 465 scelere
127 430 167 464 tarn
184 426 261 464 immani
271 438 293 464 ac
307 426 389 465 nefando
399 427 454 465 nimis
468 428 540 478 aliquid
550 429 633 465 severius
649 433 687 465 sta·

40 480 99 518 tuisse
109 480 215 519 videamini.
240 479 303 518 Multo
312 481 373 532 magis
383 486 413 519 est
422 481 534 526 verendum,
545 494 569 519 ne
578 481 687 520 remissione

40 547 104 586 poenae
115 534 203 572 crudeles
217 534 236 571 in
246 535 334 585 patriam,
344 548 403 586 quam
417 549 441 574 ne
451 535 553 573 severitate
567 535 686 573 animadver-

39 587 96 625 sionis
110 588 165 625 nimis
175 589 298 626 vehementes
310 588 329 626 in
339 588 470 627 acerbissimos
480 590 546 628 hostes
554 589 612 627 fuisse
622 588 686 627 videa-

38 654 87 679 mur.
695 645 720 680 10

66 694 112 733 VH.
142 697 173 733 14.
189 693 228 733 Sed
239 706 267 740 ea,
278 707 322 746 quae
333 694 420 740 exaudio,
431 695 499 733 Patres
510 695 617 747 conscripti,
631 695 686 733 dissi·

38 750 112 787 mulare
121 762 159 786 non
169 761 253 800 possum.
274 749 286 788 J
288 749 376 786 aciuntur
386 749 436 786 enim
445 762 508 792 voces,
519 762 563 800 quae
573 749 686 800 perveniunt

38 804 63 840 ad
73 816 129 840 aures
138 815 197 847 meas,
208 815 279 846 eorum,
290 802 322 853 qui
332 803 392 841 vereri
402 802 496 846 videntur,
507 808 530 841 ut
543 803 626 842 habeam
639 804 685 843 satis

38 856 122 908 praesidii
137 856 162 895 ad
177 869 206 901 ea,
222 869 266 908 quae
283 869 318 895 vos
335 856 439 895 statueritis
456 856 548 896 hodierno
565 856 601 901 die,
618 858 685 896 transi*

38 910 109 962 gunda.
146 910 215 948 Omnia
233 916 253 948 et
271 911 348 963 provisa
358 916 377 949 et
393 916 462 962 parata
478 915 498 949 et
515 911 618 949 constituta
634 917 684 956 sunt,
694 915 718 950 15

37 964 106 1003 Patres
116 964 224 1015 conscripti,
235 976 295 1016 quum
309 976 352 1001 mea
362 977 437 1001 summa
447 977 493 1002 cura
506 970 565 1015 atque
580 964 684 1017 diligentia,

37 1024 79 1056 tum
89 1019 150 1055 multo
161 1019 218 1056 etiam
228 1019 302 1070 majore
311 1018 378 1069 populi
388 1018 470 1056 Romani
479 1018 504 1056 ad
514 1032 610 1056 summum
624 1018 684 1070 inipe-

36 1072 86 1110 rinm
101 1071 221 1109 retinendum
238 1076 257 1109 et
273 1072 298 1109 ad
315 1085 426 1110 communes
442 1073 529 1110 fortunas
544 1073 685 1111 conservandas

36 1127 141 1164 voluntate,
170 1124 243 1163 Omnes
252 1125 323 1163 adsunt
330 1126 415 1164 omnium
425 1125 512 1164 ordinum
522 1125 614 1170 homines,
625 1127 684 1164 omni-

36 1192 69 1217 um
88 1179 170 1230 denique
190 1183 281 1224 aetatum;
303 1178 382 1230 plenum
402 1183 431 1217 est
449 1180 518 1223 forum,
538 1179 595 1230 plena
611 1181 717 1231 templa20

36 1234 108 1272 circum
124 1233 193 1278 iorum,
212 1232 263 1284 pleni
278 1245 344 1270 omnes
359 1233 423 1271 aditus
439 1233 498 1284 hujus
514 1233 582 1284 templi
601 1237 621 1271 et
639 1233 682 1272 loci.

37 1288 100 1325 Causa
110 1291 139 1325 est
154 1286 203 1324 enim
221 1292 266 1337 post
274 1287 343 1324 urbem
353 1287 449 1325 conditam
464 1288 507 1325 haec
521 1286 598 1325 inuenta
607 1287 653 1332 sola,
663 1288 683 1325 in

36 1353 74 1392 qua
89 1353 155 1379 omnes
172 1340 264 1378 sentirent
278 1353 338 1378 unum
356 1346 413 1392 atque
428 1340 479 1379 idem
498 1346 569 1393 prater
588 1353 626 1386 eos,
643 1341 681 1392 qui,

35 1407 95 1446 quum
105 1394 140 1433 sibi
155 1394 242 1432 viderent
251 1406 293 1433 esse
310 1394 436 1445 pereundum,
452 1407 496 1432 cum
512 1395 600 1432 omnibus
617 1395 682 1445 potius

35 1461 93 1500 qnam
103 1448 138 1486 soli
147 1449 209 1500 perire
219 1448 325 1487 voluerunt.
349 1453 380 1486 15.
391 1448 455 1486 Hosce
466 1461 502 1500 ego
512 1448 598 1486 homines
608 1448 682 1500 excipio
690 1452 715 1489 25

35 1508 55 1541 et
70 1515 149 1540 secerno
164 1502 246 1541 libenter
260 1515 322 1554 neque
338 1502 357 1540 in
372 1502 503 1553 improborum
520 1501 595 1547 ciuium,
613 1501 682 1541 sedin

35 1557 201 1594 acerbissimorum
217 1556 301 1594 hostium
315 1569 395 1594 numero
411 1556 511 1595 habendos
527 1561 581 1607 puto.
617 1556 682 1594 Ceteri

34 1623 85 1655 vero,
97 1610 123 1648 dii
139 1610 267 1648 immortales!
282 1622 320 1661 qua
334 1610 446 1661 frequentia,
461 1622 499 1661 quo
516 1609 585 1654 studio,
597 1622 635 1661 qua
645 1611 680 1647 vir-

34 1668 76 1702 tute
93 1664 118 1701 ad
137 1677 258 1701 communem
275 1664 357 1701 salutem
375 1663 527 1714 dignitatemque
544 1663 679 1701 consentiunt?

35 1717 85 1763 Quid
101 1730 137 1769 ego
154 1717 184 1754 hic
196 1717 269 1768 equites
285 1716 381 1754 Romanos
397 1716 561 1754 commemorem?
576 1717 609 1767 qui
624 1717 713 1757 vobis30

33 1771 61 1808 ita
75 1783 170 1808 summam
180 1770 251 1809 ordinis
262 1770 371 1821 consiliique
385 1770 499 1815 concedunt,
510 1776 532 1808 ut
545 1770 645 1808 vobiscum
655 1771 679 1809 de

34 1837 99 1863 amore
114 1825 140 1863 rei
155 1824 237 1876 publicae
256 1829 342 1869 certent;
361 1837 409 1876 quos
426 1835 450 1862 ex
466 1824 570 1862 multorum
586 1837 680 1862 annorum

33 1879 150 1924 dissensione
163 1878 222 1930 hujus
232 1878 302 1917 ordinis
311 1878 337 1916 ad
351 1878 462 1916 societatem
478 1878 636 1929 concordiamque
650 1891 679 1917 xe-

33 1937 112 1971 vocatos
127 1932 230 1971 hodiernus
241 1933 281 1971 dies
291 1932 390 1972 vobiscum
400 1936 458 1984 atque
474 1932 518 1970 beec
533 1945 590 1970 causa
600 1933 679 1985 conjun-

33 1987 74 2038 gin
88 1987 171 2038 quamsi
184 1987 337 2039 conjunctionem
353 1987 373 2025 in
383 1987 484 2025 consulatu
493 1987 623 2025 confirmatam
636 2000 679 2025 meo
687 1994 712 2029 35

34 2045 147 2092 perpetuam
161 2041 180 2080 in
190 2054 210 2079 rc
220 2041 297 2093 publica
306 2041 429 2085 tenuerimus,
441 2041 531 2079 confirmo
541 2041 595 2078 uobis
605 2040 678 2078 nullum

33 2095 115 2145 posthac
124 2095 197 2133 malum
207 2096 260 2134 civile
274 2108 296 2134 ac
306 2096 433 2134 domesticum
443 2094 468 2132 ad
485 2095 544 2132 ullam
558 2094 584 2132 rei
594 2095 677 2146 publicae

33 2154 109 2199 partem
118 2162 160 2188 esse
169 2154 278 2189 venturum.
293 2149 337 2188 Pari
347 2149 411 2188 studio
422 2148 548 2187 defendendae
557 2148 584 2187 rei
594 2149 677 2200 publicae

33 2203 143 2242 convenisse
153 2204 209 2242 video
218 2204 305 2243 tribunos
315 2203 398 2248 aerarios,
408 2203 521 2241 fortissimos
530 2203 591 2247 vircs;
606 2203 678 2240 scribas

33 2255 79 2294 item
88 2257 198 2303 universos3
213 2271 262 2309 quos
276 2271 336 2310 quum
346 2271 391 2296 casu
401 2257 431 2294 hic
442 2257 482 2295 dies
497 2257 522 2295 ad
539 2257 626 2294 aerarium
640 2256 678 2294 fre·
686 2261 712 2297 40

33 2314 150 2360 quentasset‚
160 2312 216 2350 video
231 2312 255 2351 ab
265 2312 407 2364 exspectatione
424 2311 479 2348 sortis
493 2311 518 2348 ad
535 2310 617 2348 salutern
627 2323 678 2348 com-

32 2375 110 2402 munem
119 2377 161 2403 esse
171 2378 278 2405 conversos.
309 2371 339 2404 16.
356 2365 421 2403 Omnis
430 2365 557 2416 ingenuorum
564 2364 619 2402 adest
628 2364 678 2402 mul-

32 2417 101 2463 titudo,
111 2419 170 2457 etiam
185 2420 345 2459 tenuissimorum¹
374 2419 421 2466 quis
431 2425 460 2457 est
477 2418 533 2462 enim,
545 2417 575 2456 cui
589 2431 626 2456 non
636 2418 679 2456 liaec

32 2471 111 2524 templa,
127 2472 232 2527 adspectus
245 2474 304 2520 rubis,
321 2474 417 2527 possessio
433 2472 532 2518 libertatis,
549 2472 584 2511 lux
597 2472 679 2524 denique
