1738 2673
371 225 402 259 IN

125 325 181 398 L.
218 324 645 399 CATILINAM

294 463 477 507 SECUNDA

368 573 402 599 AD

222 660 388 715 QUIRITES
415 660 547 709 ORATIO.

86 909 103 947 Ι,
132 912 150 946 1.
164 908 251 946 Τ111111
265 907 373 958 aliquando,
389 906 477 952 Quirites,
493 906 707 952 1011111111-

59 966 100 1000 tem
109 962 195 1006 audacia,
206 962 269 999 scelus
279 961 406 1004 anhelantem,
418 966 492 1011 pestem
503 961 570 1010 patriae
580 962 651 999 nefarie
665 976 707 1000 mo-

59 1016 143 1059 lientem,
154 1016 209 1053 vobis
219 1020 276 1066 atque
286 1014 331 1051 huic
340 1014 382 1052 urbi
396 1014 446 1051 ferro
457 1014 572 1065 flammaque
581 1014 707 1060 minitantem,

60 1082 84 1107 ex
93 1069 141 1106 urbe
155 1069 185 1107 vel
200 1069 291 1120 ejecimus
300 1067 331 1105 uel
346 1068 441 1106 emisimus
451 1067 482 1104 vel
498 1067 562 1117 ipsum
577 1069 707 1119 egredientem

59 1122 123 1160 verbis
142 1121 239 1173 prosecuti
255 1134 328 1158 sumus.
365 1121 426 1164 Abiit,
446 1120 533 1164 excessit,
554 1121 619 1164 evasit,
637 1123 727 1173 erupit5

60 1175 120 1214 Nulla
128 1175 168 1226 jam
179 1174 270 1227 pernicies
280 1178 387 1212 amonstro
397 1174 429 1211 illo
439 1179 498 1224 atque
512 1174 600 1227 prodigio
610 1175 707 1214 mcerribrrs

59 1230 106 1282 ipsis
115 1229 165 1268 intra
174 1229 245 1268 moenia
255 1228 402 1280 comparabitur.
423 1229 489 1280 Atque
499 1228 550 1267 bunc
558 1228 636 1280 quidem
647 1244 707 1268 unum

59 1284 118 1335 hujus
128 1284 173 1322 belli
183 1283 282 1321 domestici
292 1283 362 1320 ducem
372 1283 411 1320 sine
422 1284 550 1322 controversia
560 1283 645 1322 uicimus.
661 1285 707 1322 Non

60 1339 111 1377 enim
125 1337 167 1389 jam
183 1338 232 1376 inter
248 1338 309 1376 latera
323 1341 388 1375 nostra
402 1337 441 1374 sica
457 1337 489 1374 illa
502 1337 620 1375 versabitur:
636 1351 673 1376 101
688 1339 707 1376 11

60 1405 135 1443 cumpo,
150 1406 188 1429 non
197 1392 217 1429 11
226 1392 273 1436 foro,
284 1404 323 1428 101
338 1392 357 1429 11
373 1391 431 1434 curia,
442 1405 480 1428 101
491 1391 572 1442 denique
582 1392 632 1429 intra
641 1393 706 1430 dome·
716 1399 740 1433 10

59 1446 118 1484 sticos
130 1445 213 1497 parietes
227 1445 390 1496 pertimescemus.
419 1443 471 1482 Loco
481 1444 512 1482 illc
521 1451 586 1483 motus
600 1451 635 1491 est,
646 1459 707 1497 quum

60 1505 90 1538 est
99 1512 123 1537 111
132 1500 181 1538 urbe
191 1499 291 1550 depulsus.
319 1498 387 1536 Palam
401 1498 442 1550 jam
452 1512 496 1536 cum
511 1499 573 1544 hoste,
583 1499 637 1538 nullo
646 1500 706 1551 impe-

59 1553 130 1597 diente,
147 1553 220 1591 bellum
233 1553 309 1603 justum
324 1565 419 1603 geremus.
454 1552 498 1589 Sine
513 1553 571 1590 dnbio
588 1554 707 1604 perdidimus

59 1607 155 1645 hominem
165 1606 305 1659 magnificeque
315 1606 400 1650 vicimus,
411 1618 471 1656 qurrm
485 1606 540 1644 illum
551 1619 574 1644 ex
584 1607 664 1645 occultis
678 1608 706 1645 11-

59 1661 110 1698 sidiis
126 1660 146 1697 iu
160 1665 250 1710 aper-tum
263 1659 382 1697 latrocinium
397 1660 517 1709 conjecimus.
553 1665 570 1697 2.
586 1660 643 1704 Quod
660 1674 705 1698 vero
714 1668 738 1703 15

59 1726 98 1751 non
107 1719 208 1751 cruentum
217 1725 334 1755 mucronem,
344 1716 367 1749 ut
381 1711 447 1757 voluit,
462 1711 536 1756 extulit,
547 1713 598 1763 quod
608 1714 655 1751 viris
671 1726 705 1751 no-

59 1767 88 1806 bis
105 1779 193 1818 egressus
210 1769 245 1811 est,
261 1764 314 1817 quod
331 1765 348 1803 ei
363 1765 436 1803 ferrum
453 1778 464 1803 1
480 1766 568 1805 manibus
586 1767 705 1812 extorsimus,

59 1820 112 1871 quod
119 1820 223 1858 incolumes
233 1820 289 1863 cives,
297 1818 350 1870 quod
359 1823 443 1857 stantem
452 1819 521 1857 urbem
530 1820 618 1870 reliquit:
633 1826 706 1871 quanto

58 1874 137 1912 taudem
147 1874 200 1912 illum
209 1885 290 1911 maerore
300 1885 341 1911 esse
351 1873 443 1911 afflictum
453 1878 473 1911 11
482 1874 607 1926 profligatum
617 1874 705 1926 putatis?

59 1928 72 1967 J
73 1933 116 1966 acet
125 1928 157 1966 ille
166 1940 217 1965 nunc
227 1931 373 1978 prostratusque
383 1932 442 1965 estet
452 1940 472 1965 se
482 1929 594 1979 perculsum
604 1932 662 1979 atque
672 1929 705 1966 ab·
714 1936 739 1970 20

57 1981 132 2032 jectum
148 1994 191 2020 esse
206 1981 264 2019 sentit
279 1985 299 2019 11
313 1985 412 2032 retorquet
427 1981 492 2019 oculos
509 1982 597 2032 profecto
613 1994 665 2033 saepe
681 1982 706 2020 ad

58 2035 108 2073 hanc
118 2036 192 2080 urbem,
199 2047 258 2086 quam
267 2047 278 2072 e
287 2034 326 2072 suis
335 2034 423 2072 faucibus
433 2039 519 2086 ereptam
530 2047 572 2073 esse
581 2035 647 2086 luget3
662 2048 706 2087 quae

59 2089 137 2139 quidem
146 2089 193 2127 milri
202 2088 264 2126 laetari
273 2088 355 2134 videtur,
366 2087 419 2139 quod
430 2093 505 2127 tantam
515 2094 590 2140 pestem
600 2089 706 2127 evomuerit

59 2143 149 2194 forasque
159 2143 266 2195 projecerit.

86 2197 114 2235 Π.
143 2202 161 2235 3.
176 2197 205 2234 At
215 2195 231 2233 si
240 2195 283 2247 quis
293 2199 323 2233 est
332 2195 381 2241 talis,
392 2195 458 2247 quales
468 2208 510 2233 esse
520 2209 586 2234 omnes
596 2196 704 2247 oportebat,
713 2205 738 2239 25

59 2249 92 2301 qui
101 2250 120 2288 11
129 2250 166 2289 hoc
176 2251 224 2302 ipso,
234 2249 254 2287 11
263 2262 301 2301 quo
311 2250 395 2288 exsultat
403 2253 422 2287 et
429 2250 536 2300 triumphat
545 2250 605 2287 oratio
614 2262 664 2294 mea,
674 2263 706 2288 me

59 2303 184 2342 vehementer
193 2309 276 2348 accuset,
287 2304 340 2354 quod
353 2309 394 2341 tam
404 2304 506 2355 capitalem
519 2303 596 2341 bostem
605 2316 644 2342 non
654 2317 705 2341 eom-

59 2357 196 2407 prelrendcrim
205 2358 276 2409 potius,
287 2370 345 2408 quam
355 2357 459 2396 emiserim:
474 2362 551 2395 nonest
564 2357 601 2395 ista
612 2370 656 2396 mea
666 2358 706 2396 cul·

59 2422 91 2461 pa,
103 2410 191 2456 Quirites,
202 2411 237 2449 sed
246 2416 361 2463 temporum.
384 2411 511 2449 Interfectum
521 2424 562 2449 esse
572 2411 595 2448 L.
605 2411 706 2449 Catilinam

60 2467 79 2501 et
89 2464 201 2516 gravissimo
210 2465 304 2518 supplicio
318 2466 409 2504 affectum
421 2464 539 2518 jampridem
548 2465 661 2518 oportebat:
676 2465 704 2504 id·
713 2472 739 2508 30
