1738 2673
86 56 124 91 136
207 64 280 92 ORATIO
291 65 330 91 ruo
340 66 356 91 r.
367 63 431 90 usuro
441 65 523 97 littoris,
535 65 580 92 our.
590 65 673 91 xxxvur.

121 158 156 199 ret,
166 153 201 192 sed
218 154 276 192 etiam
290 159 369 205 praetor,
380 153 452 198 consul,
463 154 546 192 dictator
559 159 610 192 esset
626 154 696 205 potius,
707 165 765 204 quam

121 208 157 247 hou
167 209 300 259 spectaculum
308 208 404 246 riderem!
430 211 473 246 104.
490 208 506 246 Ο
517 207 542 246 dii
553 208 681 246 immortales!
695 208 764 245 fortem

120 267 140 299 et
149 275 161 299 a
170 262 230 306 robis,
242 262 324 314 judices,
335 261 487 301 conservandum
497 262 569 300 virum!
599 268 611 283 “
616 261 699 306 Minime,
710 261 763 299 mini-

119 328 156 360 me,
173 316 240 367 inquit.
276 316 339 354 lmmo
355 329 400 354 vero
417 328 485 367 poenas
501 316 533 354 ille
550 315 624 355 debitas
641 315 708 360 luerit3
729 328 764 353 nus

97 370 229 415 5subeamus,
247 371 262 408 si
278 370 305 408 ita
321 382 399 408 necesse
413 375 447 415 est,
465 382 503 408 nou
520 369 615 408 debitas.'’
643 369 722 408 Hieeine
736 369 765 407 vir

119 424 187 474 patriae
197 429 254 462 natus
269 437 350 475 usquam
364 423 400 462 nisi
414 423 433 461 in
448 423 509 475 patria
518 424 615 468 morietur,
626 428 665 468 aut,
676 423 692 462 si
707 423 763 469 forte,

118 490 154 528 pro
164 478 241 529 putria?
256 478 315 529 hujus
322 490 356 515 vus
364 477 421 515 animi
429 483 554 515 monumenta
560 477 670 522 retinebitis,
679 477 763 528 corporis

118 531 136 568 iu
151 531 207 569 ltalia
216 531 291 568 nullum
301 531 411 582 sepulerum
421 544 463 569 esse
478 531 590 583 patiemini?
605 532 656 569 hune
666 544 701 569 sua
712 531 762 582 quis-

117 597 176 634 quam
190 585 284 623 sentemia
299 598 322 622 ex
336 586 372 622 hac
387 586 434 623 urbe
449 586 539 636 expellet,
554 598 612 637 quem
626 598 692 623 omues
705 586 763 623 urbes

83 643 107 677 10
118 639 219 688 expulsum
234 639 309 677 avobis
319 638 344 676 ad
360 651 381 676 se
390 639 503 677 vocabunt?
533 643 576 679 105.
592 639 609 676 Ο
624 644 695 677 terram
710 638 763 676 illam

117 691 201 737 beatam,
219 706 263 744 quae
282 693 333 730 hune
349 692 411 731 virum
430 693 538 744 exceperit,
559 693 609 731 hane
627 693 729 745 ingratam,
747 692 763 731 si

117 746 201 797 ejecerit,
211 747 307 790 miseram,
318 747 333 784 si
347 746 441 784 amiserit!
470 746 510 784 Sed
523 747 565 785 finis
575 746 604 785 sit.
633 747 702 797 Neque
712 746 762 784 enim

117 812 158 850 prae
169 800 251 837 lacrimis
266 800 307 851 jam
317 800 370 850 loqui
382 813 467 851 possum,
478 805 497 838 et
513 800 544 837 hic
554 813 574 838 se
588 800 670 838 lacrimis
685 800 762 839 defendi

116 858 174 891 vetat.
203 854 244 891 Vos
259 867 292 891 oro
310 854 438 905 obtestorque,
454 853 535 904 judiees,
550 858 573 891 ut
588 854 606 891 iu
623 854 720 892 sententiis
735 854 762 891 f-

82 911 106 947 15
116 907 185 951 reudis,
205 907 258 958 quod
277 907 367 951 sentietis,
387 906 407 944 id
424 907 515 945 audeatis.
553 907 645 945 Vestra-m
663 908 761 953 virtutem,

115 960 215 1011 justitium,
231 961 295 1004 fidem,
306 960 353 998 milri
367 960 444 1005 credite,
461 960 477 998 is
489 960 571 999 maxime
586 961 681 1012 probabit,
696 961 762 1012 quiin

114 1014 212 1066 judicibus
222 1014 309 1066 legendis
316 1014 410 1066 optimum
417 1019 436 1052 et
442 1014 603 1066 sapientissimum
611 1020 630 1053 et
637 1015 762 1057 fortissimum

116 1080 213 1120 quemque
224 1068 302 1120 delegit.
